2106 3658
386 365 432 402 14
1061 361 1099 397 C.
1131 361 1175 396 A.
1205 360 1349 397 Broldn.

489 475 750 532 Corripere
791 476 838 516 de
875 475 1020 516 morbis
1058 479 1268 527 usurpatur
1309 480 1355 516 ut
1395 473 1498 515 idem
1539 474 1595 516 eit
1623 480 1740 529 atque
1767 474 1823 517 ad
1850 482 2017 518 monem

374 543 626 598 praecipitare
655 555 692 582 v.
721 548 750 582 t.
779 554 834 594 q.,
863 554 948 593 quae
975 540 1206 593 significatio
1235 539 1433 581 invenitur
1459 541 1563 593 apud
1592 546 1734 593 poetas
1762 547 1803 583 et
1820 542 2016 595 posterio-
2103 559 2106 561 ·

378 622 441 650 res
467 610 689 661 scriptores.
745 607 828 653 ΙΙΙ,
857 602 894 654 7,
927 607 943 646 l
976 605 1090 647 Nam
1116 619 1193 661 quo
1221 603 1383 647 celerive
1410 605 1604 661 ejusmodi
1629 612 1872 662 tempeetatee
1888 608 2017 650 corri-

371 675 508 729 piunt,
535 688 577 715 eo
605 672 800 714 maturius
827 670 982 713 auxilia
1010 695 1062 702 -
1090 672 1288 727 rapienda
1315 678 1417 714 sunt.
1460 672 1545 720 111,
1566 669 1635 720 27,
1666 672 1685 713 l
1717 673 1772 714 in.
1799 688 1847 715 ac
1873 673 1911 714 ei
1927 686 2018 714 cor-

377 741 479 795 repti
518 754 597 780 non
637 744 744 785 sunt,
786 737 936 778 diutius
972 737 1132 792 quidem
1159 737 1313 786 vivunt,
1353 737 1423 779 sed
1449 751 1544 779 raro
1570 743 1700 779 tamen
1726 738 1782 780 ad
1807 739 2017 781 nouitatem

372 805 614 860 perveni-unt.
671 803 744 852 VI,
775 803 837 851 18,
865 803 891 844 9
918 802 1058 844 subicis
1085 809 1121 844 et
1146 803 1396 859 qravieeimie
1424 801 1571 845 morbis
1597 804 1768 859 correpti
1793 811 1897 846 sunt.

484 868 698 911 Cur-vare
739 869 863 918 VIII,
895 869 913 909 l
946 882 982 922 p.
1011 868 1113 919 326,
1142 868 1168 910 6
1203 876 1244 910 et
1278 870 1415 911 eadem
1444 881 1530 923 pag.
1559 869 1586 912 1.
1616 870 1683 910 31.
1738 871 1827 912 Hoc
1854 870 2014 912 verbum

376 949 450 977 nou
483 942 673 989 usurpant
701 935 776 975 nisi
805 942 930 987 poetae
958 941 1076 989 atque
1105 942 1299 988 argenteae
1327 942 1390 976 aet.
1419 935 1576 988 script„
1604 948 1697 976 nam
1725 936 1808 978 Cic.
1837 937 1945 978 N.D.
1977 937 2014 986 1,

374 1004 440 1051 24,
468 1002 521 1043 66
550 1002 736 1042 mutanda
764 1001 878 1041 lectio
907 1007 989 1050 est3
1019 1002 1096 1042 vid.
1126 1002 1371 1054 Madvigium
1401 1001 1451 1042 ad
1480 1001 1563 1043 Cic.
1591 1001 1679 1042 Fin.
1711 1003 1748 1050 1,
1781 1001 1844 1051 18,
1872 1001 1938 1044 61.

482 1066 688 1115 Curvus,
717 1067 872 1119 poetica
902 1067 980 1107 fere
1008 1080 1106 1115 vox,
1135 1081 1250 1120 quam
1271 1068 1309 1108 in
1330 1080 1447 1120 prosa
1466 1067 1660 1116 oratione,
1688 1067 1761 1108 nisi
1781 1068 1883 1109 Piin.
1902 1068 2016 1121 epist.

375 1134 421 1182 5,
450 1135 522 1181 21,
550 1133 594 1181 6,
635 1132 800 1173 inveniri
829 1139 944 1184 negat
971 1134 1116 1174 Krebs.
1145 1146 1178 1174 ε.
1209 1146 1268 1182 ν.,
1310 1135 1414 1187 apud
1457 1133 1615 1175 Celsum
1653 1140 1716 1175 est
1747 1134 1852 1183 VH,
1879 1135 1928 1175 31
1961 1134 2015 1176 in.

375 1200 470 1247 VII,
499 1200 564 1240 32.
594 1199 711 1246 VIII,
744 1199 761 1238 1
781 1211 818 1251 p.
836 1198 936 1247 325,
955 1199 1016 1239 ll.
1047 1199 1173 1247 VIII,
1199 1199 1246 1240 16
1264 1201 1315 1240 iu.
1334 1200 1453 1248 -V,
1474 1199 1539 1248 26,
1559 1198 1605 1248 5,
1633 1199 1698 1253 qui
1726 1200 1834 1241 locus
1862 1213 1887 1242 a
1905 1201 2016 1241 Mat-

373 1265 466 1306 thiae
494 1265 532 1306 in
564 1265 688 1305 lexico
717 1265 905 1312 affertur,
941 1278 1043 1306 nunc
1071 1265 1260 1318 scriptum
1289 1272 1351 1307 est
1377 1265 1422 1306 in
1449 1264 1581 1307 orbem
1608 1278 1678 1319 pro
1707 1279 1842 1308 curva.
1896 1267 2015 1308 Inve-

374 1331 477 1372 nitur
505 1337 636 1372 autem
667 1330 750 1371 haec
778 1343 856 1370 vox
883 1330 1002 1371 etiam
1031 1330 1130 1372 San.
1160 1332 1251 1372 hist.
1279 1332 1327 1381 4,
1357 1332 1409 1372 35
1427 1328 1480 1390 ¹).

478 1396 680 1438 Debere.
736 1397 1033 1437 Insolentiorem
1061 1397 1384 1450 significationem
1414 1397 1503 1439 huic
1530 1397 1651 1439 verbo
1677 1397 1840 1450 subjicit
1864 1397 2015 1447 Celsus,

371 1469 414 1503 ut
456 1463 555 1503 idem
590 1463 644 1504 sit
680 1469 798 1516 atque
826 1469 980 1503 naturoe
1006 1464 1208 1504 convenire
1237 1477 1272 1504 v.
1302 1470 1332 1504 t.
1361 1477 1399 1517 q.
1428 1465 1511 1512 III,
1538 1465 1591 1504 22
1620 1477 1657 1517 p.
1692 1464 1781 1513 111,
1810 1465 1859 1505 21
1891 1463 2014 1506 Fere-

370 1542 444 1583 que
470 1529 516 1569 id
537 1542 652 1583 posse
678 1528 782 1569 inter
804 1528 1009 1583 principia
1037 1542 1178 1583 coepas
1200 1530 1291 1584 pati
1317 1529 1427 1571 debet
1452 1531 1479 1570 i.
1509 1544 1545 1571 a.
1573 1529 1783 1571 verisimile
1812 1537 1885 1572 est.
1919 1529 2014 1586 (cfr

370 1595 484 1636 Ovid.
514 1601 603 1635 met.
637 1595 700 1643 13,
726 1591 808 1636 876
840 1594 1041 1649 Tantaque
1068 1608 1162 1644 vooe,
1189 1602 1381 1650 quantam
1410 1594 1575 1652 Cyclope
1602 1597 1729 1637 iratus
1755 1595 1896 1638 habere
1922 1595 2014 1638 De-

371 1660 471 1710 buit,
500 1659 570 1701 illa
587 1660 704 1715 fuit).
762 1661 824 1708 II,
854 1660 880 1701 6
908 1674 944 1713 p.
974 1657 1039 1708 37,
1071 1660 1122 1702 16
1151 1674 1193 1702 eo
1222 1668 1414 1716 tempore,
1455 1675 1532 1717 quo
1565 1661 1730 1703 ebrietas
1762 1661 1862 1703 solvi
1887 1661 2012 1704 debet.

371 1727 456 1774 ΙΙΙ,
485 1728 540 1767 24
567 1727 620 1767 in.
650 1727 693 1767 in
720 1725 862 1781 quibus
890 1725 1048 1779 (oculis)
1077 1727 1184 1782 quod
1210 1727 1344 1768 album
1371 1741 1451 1769 esee
1478 1727 1606 1776 debet,
1621 1727 1676 1784 fit
1703 1726 1862 1770 luteum.
1889 1728 2012 1778 VIII,

369 1793 395 1833 9
424 1793 476 1833 in.
505 1791 554 1832 ab
582 1806 659 1832 uno
687 1799 722 1834 et
750 1792 931 1833 vicesimo
958 1793 1043 1841 die,
1071 1807 1148 1848 quo
1176 1794 1309 1849 utique
1337 1808 1380 1835 oe
1407 1807 1488 1836 eeac
1515 1793 1624 1836 debet
1648 1792 1900 1849 qlutinatum.
1955 1795 2012 1844 11,

369 1859 396 1899 4
424 1859 475 1900 in.
503 1859 662 1913 eiynum
689 1857 837 1899 malum
864 1865 921 1900 est
947 1872 1081 1900 somno
1109 1858 1215 1901 ultra
1242 1859 1416 1902 debitum
1443 1860 1582 1916 uryeri
1608 1860 1634 1901 i.
1662 1872 1700 1901 a.
1730 1860 1834 1902 ultra
1853 1860 2010 1902 modum

365 1924 529 1976 justum.

477 1990 727 2032 Desinere
754 1990 968 2044 saepissime
985 2004 1062 2032 non
1077 1992 1259 2044 apposito
1275 1992 1470 2034 infinitivo
1489 1992 1631 2033 dicitur
1651 1992 1699 2033 de
1717 1990 1863 2041 dolore,
1881 1989 2012 2047 febre,

369 2054 678 2111 inflammatione
705 2062 799 2105 cet„
841 2069 959 2110 quare
987 2058 1126 2098 mirum
1157 2065 1239 2107 est,
1281 2059 1492 2100 Krebsium
1521 2059 1726 2107 dubitare,
1768 2071 1860 2100 num
1891 2057 2012 2099 latine

367 2123 522 2163 dicatur
550 2122 706 2163 morbus
734 2122 878 2163 desinit
906 2136 975 2175 pro
1005 2137 1051 2164 eo
1080 2125 1181 2177 quod
1207 2131 1269 2166 est
1287 2124 1388 2173 abit,
1415 2125 1591 2166 discedit.
1633 2125 1858 2178 Numquam
1877 2129 2011 2165 autem

367 2189 506 2229 Celsus
535 2195 698 2242 usurpat
726 2189 924 2241 passivam
955 2190 1119 2230 formam
1150 2190 1264 2243 hujus
1293 2191 1420 2239 verbi,
1461 2192 1529 2232 sed
1568 2190 1713 2244 passivi
1741 2203 1894 2244 quoque
1921 2190 2012 2231 infi-

368 2254 492 2295 nitivo
522 2255 692 2296 activam
723 2255 884 2296 formam
916 2256 1101 2308 apponit,
1130 2257 1238 2298 velut
1265 2255 1322 2298 ali
1349 2257 1486 2306 desiit,
1513 2255 1618 2307 ferri
1650 2256 1777 2298 desiit.
1833 2256 1908 2298 cfr
1924 2269 2012 2310 quae

367 2321 415 2361 de
444 2321 563 2361 verbo
592 2321 694 2374 quod
723 2327 786 2362 est
812 2322 981 2376 coepisse
1011 2323 1218 2371 annotavi,
1246 2328 1288 2364 et
1314 2325 1488 2375 Draeger.
1516 2323 1568 2364 1.Ι.
1598 2335 1687 2376 pag.
1719 2319 1797 2364 137
1824 2335 1908 2376 sqq.

475 2386 607 2433 Quum
636 2386 776 2428 Celsus
803 2387 1019 2440 saepissime
1047 2394 1184 2429 utatur
1211 2390 1339 2430 forma
1366 2387 1692 2446 difficulter,
1720 2401 1798 2430 uno
1826 2388 1912 2430 loco
1939 2397 2010 2442 pro

367 2452 553 2494 adverbio
583 2453 704 2494 habet
731 2452 991 2510 difficile,
1020 2467 1108 2508 quae
1138 2456 1265 2496 forma
1291 2468 1380 2497 raro
1410 2463 1451 2497 et
1479 2455 1585 2508 apud
1612 2454 1850 2508 posteriores
1863 2458 2009 2495 exstat.

368 2518 491 2566 VIII,
523 2519 592 2567 10,
625 2520 641 2559 l
674 2532 713 2572 p.
742 2519 835 2567 345,
867 2519 938 2560 13:
966 2519 1038 2560 sub
1067 2534 1148 2576 qua
1167 2519 1512 2576 (inflammatione)
1539 2526 1576 2562 et
1602 2518 1767 2578 difficile
1793 2526 1831 2562 et
1851 2519 2010 2576 pericu-

367 2582 445 2625 loee
472 2584 532 2625 vie
558 2586 691 2626 nervia
718 2584 935 2627 adhibetur.

476 2649 724 2705 Diyerere
752 2664 829 2692 non
857 2652 983 2693 solum
1012 2651 1156 2694 dicitur
1184 2653 1232 2693 de
1259 2653 1348 2694 cibo
1376 2658 1418 2694 et
1445 2652 1495 2694 de
1523 2664 1756 2706 unaquaque
1783 2650 1949 2693 materia
1966 2651 2007 2693 in

369 2728 510 2768 corpus
538 2716 786 2770 dissipanda,
814 2717 923 2758 velut
950 2718 1025 2766 IV,
1051 2716 1108 2760 29
1136 2732 1213 2773 quo
1238 2717 1399 2770 facilius
1425 2731 1492 2767 ea,
1533 2732 1623 2774 quoe
1657 2716 1831 2760 coeundo
1866 2730 2010 2759 nocue-

366 2788 480 2830 runt,
510 2781 761 2838 diqerantur;
799 2789 840 2824 et
868 2783 916 2823 de
946 2789 1031 2824 toto
1060 2797 1238 2837 corpore,
1280 2790 1326 2825 ut
1353 2784 1455 2825 idem
1484 2784 1678 2838 significet
1706 2783 1810 2837 quod
1825 2781 2010 2838 fluidum

367 2847 548 2897 reddere,
589 2847 799 2898 reeolvere,
841 2850 952 2890 velut
979 2850 1000 2890 I
1028 2862 1199 2904 prooem.
1227 2863 1264 2903 p.
1298 2850 1362 2899 10,
1393 2850 1414 2891 1
1444 2849 1480 2890 ei
1505 2863 1648 2905 corpus
1674 2849 1908 2891 admotum
1934 2854 2009 2899 est,

368 2912 626 2967 diyerendum
665 2927 766 2964 eeee;
807 2916 876 2955 sed
918 2915 1038 2956 etiam
1082 2915 1318 2969 peculiarem
1360 2915 1480 2957 habet
1510 2916 1731 2965 notionem,
1758 2921 1806 2956 nt
1830 2915 1887 2957 eit
1914 2915 1940 2956 i.
1969 2928 2007 2956 a.

366 2992 508 3033 corpus
549 2980 722 3034 aqitare,
767 2995 931 3022 movere.
975 2982 1036 3030 ΙΙ,
1069 2982 1117 3023 15
1147 2982 1269 3023 med.:
1307 2995 1355 3023 ne
1389 2980 1623 3023 imbecillum
1657 2981 1852 3024 hominem
1885 2981 2008 3024 ηἰηιὼ

433 3118 459 3166 ¹)
486 3120 546 3156 cfr
575 3114 751 3170 Oetling.‚
783 3124 835 3160 De
863 3124 1067 3161 elocutione
1095 3123 1134 3160 C.
1165 3122 1328 3161 Sallustii
1356 3123 1483 3171 Crispi.
1528 3123 1615 3171 Upa.
1649 3123 1769 3160 1862.
