2106 3658
587 385 641 421 De
670 384 879 422 elocutione
909 384 953 422 A.
983 382 1145 422 Cornelii
1174 383 1282 421 Celsi.
1728 383 1779 421 29

107 496 154 547 8,
182 497 228 539 in
255 498 393 540 ceteris
420 500 576 542 adustis
603 501 729 551 VIII,
758 500 799 551 9,
824 502 843 542 1
866 500 954 558 fin.)
983 506 1024 542 et
1050 513 1289 554 pronomen,
1317 500 1427 541 velut-
1455 497 1698 556 quibusdam
1715 514 1785 542 ca-

106 563 380 621 lefacientibue
407 567 490 616 III,
519 568 566 608 21
601 581 639 622 p.
673 568 752 610 108
779 568 854 618 in.,
897 567 1139 624 quibusdam
1167 568 1287 624 quasi
1314 568 1487 610 mucosis
1515 567 1592 617 IV,
1621 569 1677 610 22
1705 567 1784 618 in.,

107 631 350 689 quibusdam
376 633 583 677 metallicis
612 635 664 678 V.
697 632 760 685 17,
789 637 816 676 2
844 635 898 678 in.

218 699 618 743 Commemorandum
649 709 731 752 est,
762 703 882 744 etiam
906 702 1175 758 participium
1194 702 1340 761 futuri
1373 701 1495 744 activi
1526 701 1782 760 substantive

108 766 281 820 positum
311 781 398 809 esse
428 770 494 819 II,
527 771 577 810 13
607 770 674 812 fin.
704 770 750 811 id
778 783 894 825 ayere
922 769 1056 819 debet,
1099 776 1144 811 ut
1178 769 1380 826 accepturi
1406 783 1551 825 corpus
1579 768 1785 811 humidius

106 834 169 875 eit.
198 834 253 884 V,
282 835 349 886 25,
377 835 405 877 9
433 835 530 878 bina
558 838 756 893 catapotia
786 850 923 887 mane,
953 836 1050 879 bina
1077 843 1196 879 noctu
1225 837 1450 879 dormituro
1478 837 1641 878 dantur.

216 901 285 943 Ad
313 903 392 944 vim
422 905 688 960 comparativi
714 905 860 958 gradus
888 906 1111 957 augendam
1141 905 1279 946 Celsus
1308 911 1348 946 et
1377 918 1427 945 ex
1456 911 1632 946 veterum
1652 905 1782 959 scrip-

106 973 235 1010 torum
266 982 374 1011 more
404 973 539 1024 posuit
567 977 670 1025 part.
701 972 843 1021 etiam,
888 977 929 1012 et
957 972 1197 1020 etiamnum,
1236 972 1339 1026 quod
1368 972 1429 1012 ita.
1457 971 1611 1012 habent
1639 985 1783 1026 argen-

105 1043 182 1078 teae
211 1037 344 1078 aetatis
373 1039 589 1092 scriptores
608 1037 667 1094 1),
697 1045 739 1080 et
766 1038 900 1095 Zon9e,
928 1041 1034 1093 quod
1063 1045 1260 1093 usurpant
1284 1045 1434 1092 poetae,
1463 1038 1617 1088 Livius,
1646 1045 1782 1092 poste-

106 1104 230 1145 riores
248 1102 303 1160 2).
360 1104 603 1147 Etiamnum
631 1107 831 1147 invenitur
858 1107 921 1154 II,
956 1106 1005 1147 15
1035 1107 1256 1148 etiamnum
1283 1107 1418 1148 acrior
1427 1121 1442 1155 ,-
1470 1106 1524 1155 V,
1553 1106 1620 1155 26,
1641 1107 1696 1147 30
1714 1107 1780 1148 fin.

105 1171 325 1213 etiamnum
366 1172 685 1223 vehementiora,-
727 1173 779 1222 V,
810 1173 882 1222 28,
912 1174 938 1214 3
968 1187 1005 1227 p.
1036 1174 1140 1222 208,
1172 1174 1224 1215 12
1260 1171 1523 1215 validioribus
1565 1173 1786 1215 etiamnum

107 1238 295 1281 remediis
302 1253 317 1288 ,·
360 1241 415 1290 V,
444 1240 512 1290 28,
546 1238 596 1282 17
624 1255 661 1295 p.
692 1242 774 1282 220
802 1240 857 1281 in.
893 1240 1203 1296 certioribusque
1245 1241 1475 1289 etiamnum,
1505 1254 1628 1296 quam
1651 1241 1785 1296 prior,

107 1305 350 1362 temporibus
378 1314 415 1348 et
431 1307 487 1366 fit
515 1314 550 1349 et
578 1308 725 1350 desinit
754 1331 806 1338 —-
835 1308 953 1349 tertia
981 1309 1200 1350 etiamnum
1227 1307 1400 1349 deterior
1428 1313 1508 1357 θείς
1536 1308 1616 1357 VI,
1644 1307 1684 1357 6,
1703 1309 1723 1349 l
1744 1321 1784 1361 p.

106 1374 201 1422 225,
230 1374 284 1415 32
309 1373 427 1430 pejus
456 1375 672 1416 etiamnum
680 1389 696 1424 ,-
737 1375 843 1425 VII,
872 1375 919 1425 8,
951 1376 1002 1416 15
1031 1389 1069 1429 p.
1099 1375 1203 1425 283,
1233 1375 1259 1418 6
1302 1374 1504 1432 efficacior
1545 1374 1760 1416 etiamnum
1769 1389 1784 1423 ,-

106 1441 234 1491 V111,
263 1442 318 1483 20
346 1455 386 1496 p.
417 1441 511 1492 360,
539 1442 567 1484 8
595 1443 813 1484 etiamnum
842 1441 1047 1484 valentius.
1106 1441 1248 1499 Lonye
1277 1443 1432 1483 duobus
1458 1441 1552 1483 locis
1572 1455 1784 1495 compara-

105 1508 189 1549 tivo
220 1509 448 1562 appositum
479 1515 561 1551 est:
606 1511 668 1559 II,
700 1511 752 1550 14
781 1523 819 1563 p.
850 1509 903 1551 60
932 1510 987 1550 in.
1025 1509 1140 1566 lonqe
1175 1509 1349 1566 soepius‚·
1392 1510 1480 1558 III,
1511 1509 1537 1549 3
1566 1522 1603 1562 p.
1633 1505 1699 1558 77,
1732 1508 1783 1551 16

105 1574 221 1631 lonye
244 1576 527 1631 perniciosius.
557 1601 609 1607 —
637 1574 804 1625 Adhuc,
849 1578 952 1630 quod
997 1577 1117 1618 simili
1161 1578 1278 1618 modo
1322 1581 1518 1630 usurpant
1552 1577 1782 1630 posterioris

106 1643 241 1685 aetatis
271 1644 507 1698 scriptores,
537 1645 577 1686 in
608 1644 685 1686 hac
714 1644 1002 1698 significatione
1032 1645 1138 1698 apud
1169 1644 1328 1686 Celsum
1360 1657 1439 1685 non
1469 1644 1683 1685 invenitur.

753 1796 810 1841 De
841 1795 1154 1851 pronominibus.

219 1877 450 1923 Pronomen
476 1878 828 1923 'determinativum
855 1882 1054 1923 interdum
1076 1881 1288 1931 omittitur,
1309 1886 1350 1922 et
1370 1880 1437 1922 ubi
1458 1879 1667 1922 relativum
1689 1893 1782 1934 pro-

107 1962 251 1990 nomen
295 1948 335 1990 in
380 1949 516 1989 eodem
557 1963 653 1990 casu
682 1950 861 2003 sequitur
890 1943 1024 2006 (velut
1053 1949 1156 1998 VII,
1191 1950 1246 1989 22
1274 1949 1327 1990 ἰη.
1358 1946 1515 2000 Quibus
1544 1962 1635 1989 vero
1663 1961 1785 2003 super

106 2014 281 2058 mediam
310 2015 488 2058 tunicam
517 2030 624 2058 venoe
653 2022 820 2065 tument,
850 2015 943 2073 (int.
973 2016 1044 2070 iis)
1074 2016 1331 2058 incidendum
1359 2015 1505 2071 inquen
1530 2018 1626 2068 est),
1656 2022 1696 2055 et.
1716 2014 1785 2056 ubi

106 2083 182 2125 hoc
225 2096 302 2125 non
346 2084 413 2132 fit,
457 2083 566 2124 velut
594 2084 670 2133 IV,
701 2085 750 2125 31
784 2084 836 2125 in.
870 2082 937 2125 Ea
967 2083 1101 2137 (vitia)
1133 2097 1229 2124 raro
1260 2107 1310 2113 —-
1341 2081 1543 2130 mulieres,
1578 2081 1660 2123 nisi
1687 2081 1783 2137 (int.

106 2154 204 2205 eas,)
234 2149 378 2206 quibus
407 2157 612 2193 menstrua
639 2165 858 2208 suppressa
887 2156 991 2200 sunt,
1020 2157 1180 2191 tentant.
1218 2151 1272 2200 V,
1307 2150 1369 2199 18,
1403 2151 1449 2190 11
1482 2149 1537 2189 ad
1565 2149 1786 2205 diyerenda

108 2216 201 2272 (int.
233 2220 312 2271 ea‚)
342 2232 431 2274 quoe
458 2224 607 2260 coeunt.
637 2219 763 2268 VIII,
794 2218 834 2268 9,
868 2219 885 2259 l
920 2232 956 2272 p.
987 2218 1068 2258 344
1084 2218 1138 2259 in.
1167 2216 1216 2259 Si
1243 2216 1482 2272 suppuratio
1507 2215 1644 2257 vicerit
1662 2230 1786 2272 neque

100 2299 180 2342 per
210 2283 304 2342 (int.
333 2287 414 2338 ea‚)
443 2299 531 2342 quoe
557 2299 685 2343 supra
712 2285 863 2342 scripta
892 2291 984 2326 sunt
1012 2285 1159 2327 discuti
1195 2284 1391 2342 potuerit,
1420 2282 1550 2325 omnis
1578 2297 1692 2324 mora
1720 2282 1784 2324 vi-

107 2351 234 2394 tanda
261 2351 349 2395 erit.

219 2420 353 2474 Supra.
382 2419 577 2461 annotavi
607 2418 719 2476 (pag.
749 2418 819 2476 8),
858 2420 963 2474 apud
995 2418 1156 2461 Celsum
1186 2431 1401 2472 pronomen
1431 2416 1784 2458 demonstrativum

106 2486 305 2529 interdum
335 2499 406 2542 pro
436 2488 691 2528 substantivo
721 2487 834 2542 poni,
877 2500 996 2541 quum
1027 2486 1181 2539 longius
1212 2485 1318 2527 absit
1348 2485 1405 2534 id,
1450 2484 1501 2525 ad
1545 2485 1648 2539 quod
1678 2484 1781 2525 refe-

107 2560 220 2597 ratur
262 2567 492 2610 pronomen.
565 2554 718 2597 Contra
761 2567 1054 2608 nonnumquam
1098 2553 1332 2606 pronomina
1374 2551 1429 2601 is,
1471 2550 1536 2593 hic
1579 2551 1783 2592 abundare

108 2621 399 2677 quodammodo
430 2621 628 2670 videntur,
658 2621 728 2663 ubi
756 2622 980 2676 subjectum
1009 2621 1219 2662 sententiae
1250 2619 1466 2673 excipiunt.
1496 2619 1558 2668 II,
1591 2619 1642 2659 10
1659 2632 1695 2671 p.
1717 2618 1783 2666 54,

111 2688 164 2730 14
190 2689 250 2732 is:
292 2695 452 2732 eatenus
481 2688 648 2746 sanquis
676 2685 879 2746 sequitur,
924 2694 1118 2744 quatenus
1147 2687 1353 2736 emittitur,
1383 2684 1454 2727 ubi
1481 2685 1516 2726 is
1544 2698 1784 2740 suppressus

109 2761 186 2808 est,
228 2755 326 2814 quia
360 2769 439 2797 non
476 2756 665 2806 trahitur,
709 2770 758 2799 ne
794 2756 898 2798 venit
933 2755 1106 2811 quidem.
1137 2755 1221 2804 ΙΙΙ,
1249 2755 1276 2795 4
1305 2767 1343 2808 p.
1373 2749 1448 2802 79,
1478 2752 1503 2795 9
1533 2752 1592 2794 ie:
1628 2751 1673 2793 in
1702 2750 1785 2793 luce

108 2822 313 2866 habendus
341 2837 459 2879 aeyer,
487 2823 570 2865 nisi
595 2823 802 2882 infirmus,
831 2822 1009 2864 interdiu
1032 2829 1088 2864 est
1103 2845 1157 2852 —-
1171 2821 1285 2877 isque
1303 2819 1448 2863 cubare
1467 2834 1588 2876 quam
1606 2818 1785 2860 maa-imo

109 2889 287 2933 conclavi
327 2889 451 2933 debet.
481 2891 569 2939 III,
606 2890 632 2932 5
662 2904 699 2944 p.
728 2890 783 2932 83
813 2891 865 2932 in.
895 2891 942 2931 is.
973 2891 1029 2939 V,
1058 2886 1124 2939 27,
1155 2887 1181 2930 9
1210 2889 1275 2929 fin.
1307 2887 1355 2929 is.
1386 2888 1439 2936 V,
1469 2886 1543 2935 28,
1573 2887 1599 2926 2
1628 2887 1695 2927 fin.
1725 2885 1783 2926 id.

109 2957 166 3007 V,
195 2957 271 3008 28,
299 2957 327 3000 8
356 2958 425 2999 fin.
454 2957 511 2999 id.
555 2958 663 3007 VII,
696 2958 767 3007 12,
802 2958 819 2999 1
854 2971 892 3011 p.
922 2953 1016 3006 287,
1050 2957 1100 2996 12
1128 2955 1176 2997 is.
1221 2956 1328 3004 VII,
1362 2954 1412 2996 18
1442 2967 1480 3007 p.
1511 2952 1609 3002 296,
1647 2952 1700 2994 35
1735 2952 1782 2994 is.

109 3025 212 3076 VH,
241 3024 310 3076 26,
337 3025 364 3066 5
394 3038 434 3079 p.
463 3026 557 3075 312,
586 3021 642 3066 27
668 3024 716 3067 ie.
745 3025 800 3074 V,
828 3025 895 3075 28,
924 3025 950 3065 2
979 3023 1032 3065 in.
1062 3023 1135 3065 hae.

178 3144 205 3195 ¹)
234 3147 296 3185 cfr
325 3147 447 3185 Hand.
479 3148 675 3185 Tursellin.
706 3160 735 3185 e.
767 3160 803 3185 v.
834 3149 1030 3184 etiamnum
1060 3158 1148 3194 pag.
1182 3146 1277 3183 585.

172 3202 205 3252 ²)
235 3206 364 3243 Krebs.
394 3218 423 3243 s.
453 3219 490 3243 v.
521 3206 645 3243 Hand.
676 3218 704 3242 s.
736 3218 772 3242 v.
804 3217 892 3253 pag.
926 3205 1021 3242 551.
