2106 3658
375 377 397 412 6
1054 373 1093 409 C.
1124 373 1166 408 A.
1197 372 1339 409 Brolen.

373 491 461 531 aliis
490 490 726 542 argumentis
755 487 920 542 permoti
951 490 1140 535 fecerunt,
1182 491 1317 527 tamen
1345 498 1422 526 non
1451 485 1603 534 dubim,
1631 485 1724 539 quin
1757 483 1897 525 facturi
1925 496 2004 525 nou

371 557 531 604 suerint,
561 556 634 596 nisi
661 566 876 595 sermonem
907 553 989 605 ejus
1018 566 1104 593 eum
1133 565 1220 592 esse
1249 557 1475 605 putassent,
1518 551 1583 605 qui
1613 551 1664 591 ad
1693 550 1880 604 optimam
1911 549 2006 591 lati-

371 623 532 663 nitatem
576 621 748 674 proxime
791 619 1005 659 accederet.
1062 619 1115 658 Et
1142 618 1383 659 Bianconius
1418 617 1573 670 quidem
1615 617 1837 666 contendit,
1880 615 2005 656 vitam

368 690 452 740 ejus
480 700 563 727 esse
591 687 640 726 ad
670 686 813 739 primos
843 697 968 724 annos
998 684 1167 736 Augusti
1196 684 1363 726 Caesaris
1393 683 1637 724 referendam
1665 689 1784 736 atque
1823 683 1873 723 ad
1908 682 2005 723 «flo-

370 753 629 794 rentissimum
661 751 768 792 aurei
796 750 926 791 saeculi
957 751 1131 803 apicem»
1148 750 1198 805 ¹).
1253 750 1406 791 Contra
1434 749 1544 790 multi
1575 749 1832 789 recentiorum
1853 749 2005 789 refuta-

369 820 422 860 tis
451 818 668 859 rationibus
696 817 826 857 allatis
856 829 880 855 a
907 816 1122 857 Bianconio
1151 822 1191 856 et
1218 817 1268 856 ab
1296 816 1364 863 iis,
1400 815 1464 868 qui
1493 827 1578 856 eum
1610 815 1734 854 secuti
1762 820 1877 863 sunt,
1913 813 2006 855 Col-

368 899 452 925 sum
495 883 650 924 Tiberio
679 884 893 935 imperante
923 882 1042 922 fuisse
1073 888 1215 935 putant
1243 887 1510 935 argenteaeque
1536 880 1645 922 aetati
1674 881 1937 921 adnumerant
1952 878 2005 935 ²).

368 952 499 1003 Atque
540 950 573 988 si
615 950 664 989 ad
700 949 958 989 elocutionem
1001 948 1106 989 Celsi
1147 949 1410 1000 respeximus,
1453 960 1569 1001 quum
1611 946 1772 987 difficile
1798 946 1852 987 sit
1879 958 1929 986 ex
1957 958 2006 986 ea

367 1023 469 1057 certe
497 1015 692 1066 colligere,
721 1021 850 1055 utrum
879 1015 1023 1055 rectius
1051 1014 1141 1063 fiat,
1170 1015 1209 1054 id
1238 1020 1370 1054 tamen
1400 1013 1498 1054 satis
1518 1014 1672 1054 videtur
1691 1014 1886 1061 constare,
1916 1025 2002 1053 eam

368 1082 405 1122 in
436 1081 544 1122 libris
572 1081 654 1132 ejus
682 1093 1021 1134 expressamesse
1050 1081 1161 1121 bonae
1190 1079 1401 1120 latinitatis
1432 1081 1615 1128 formam,
1645 1091 1729 1132 quae
1757 1083 1829 1119 ant
1856 1078 1908 1119 ad
1932 1091 2005 1118 ex-

366 1154 519 1187 euntem
551 1159 711 1186 auream
739 1152 894 1187 aetatem
925 1146 1129 1187 referenda
1158 1147 1230 1195 sit,
1259 1152 1328 1187 aut
1356 1146 1559 1198 incipienti
1587 1151 1783 1197 argenteae
1812 1145 2006 1185 adnume-

366 1213 444 1253 rari
473 1213 630 1253 debeat.
686 1213 825 1266 Neque
867 1212 968 1253 enim
1004 1219 1142 1253 aetates
1170 1212 1266 1260 illae,
1308 1212 1448 1266 quibus
1477 1211 1606 1252 dirimi
1634 1211 1765 1251 solent
1792 1211 2005 1263 scriptores

367 1278 490 1327 latini,
520 1284 602 1318 tam
632 1285 726 1319 sunt
754 1279 874 1318 arctis
904 1284 944 1318 et
971 1278 1059 1318 fixis
1089 1278 1392 1331 circumscriptae
1420 1278 1582 1326 finibus,
1610 1282 1745 1317 utnon
1770 1276 1882 1317 sitin
1902 1288 2005 1316 una-

365 1357 514 1397 quaque
542 1357 702 1384 summae
732 1345 914 1385 varietati
945 1345 1063 1385 locus.
1107 1344 1173 1384 An
1203 1357 1437 1397 quemquam
1468 1344 1564 1396 fugit
1583 1348 1766 1395 argentea
1784 1342 1852 1383 illa
1870 1348 2004 1390 aetate,

364 1411 425 1450 cui
454 1410 610 1451 Celsum
640 1423 791 1464 quoque
821 1411 1152 1451 adnumerandum
1182 1423 1270 1450 esse
1301 1422 1464 1458 censeo,
1494 1410 1703 1462 scriptores
1723 1408 2005 1462 comprehendi

365 1489 439 1516 non
483 1476 636 1529 ingenio
678 1476 801 1516 solum
830 1477 900 1516 sed
930 1477 1049 1517 etiam
1079 1477 1274 1517 scribendi
1304 1489 1442 1528 genere
1470 1475 1582 1516 valde
1611 1475 1845 1516 dissimiles?
1900 1474 2006 1516 Sunt

364 1549 497 1583 autem
527 1543 669 1583 eaedem
701 1543 832 1583 laudes
862 1543 1041 1582 omnibus
1071 1555 1148 1583 non
1179 1543 1453 1590 concedendae,
1489 1554 1612 1595 neque
1641 1542 1676 1582 si
1705 1553 1806 1582 unus
1834 1546 1875 1581 et
1903 1541 2005 1581 alter

363 1609 495 1648 multis
539 1609 764 1661 magnisque
808 1609 912 1648 vitiis
955 1609 1125 1656 laborat,
1168 1609 1311 1649 idcirco
1347 1609 1481 1648 eodem
1513 1609 1626 1648 modo
1655 1613 1716 1648 est
1744 1607 1793 1647 de
1823 1606 2003 1647 omnibus

360 1676 627 1727 judicandum.
685 1675 737 1714 Et
766 1674 869 1715 Celsi
899 1675 1051 1727 quidem
1080 1687 1206 1715 sermo
1236 1687 1312 1714 non
1344 1675 1470 1727 magis
1499 1675 1654 1715 videtur
1683 1686 1708 1714 a
1735 1673 1934 1714 Ciceronis
1962 1679 2005 1714 et

365 1741 532 1782 Caesaris
562 1753 767 1781 numerosa
794 1741 863 1780 illa
891 1747 932 1780 et
959 1741 1075 1793 plena
1105 1739 1395 1793 magnificentia
1423 1740 1590 1790 distare,
1618 1752 1734 1794 quam
1764 1752 1790 1780 a
1808 1738 2002 1780 rhetorico

365 1809 450 1847 fuco
478 1814 518 1848 et
546 1812 726 1858 corrupto
755 1819 894 1859 genere
921 1807 1190 1859 posteriorum.

470 1874 562 1914 Jam
591 1872 626 1913 si
655 1873 739 1925 quis
768 1874 816 1912 de
843 1885 1022 1912 sermone
1052 1873 1254 1926 scriptoris
1279 1873 1529 1924 judicaturus
1550 1878 1628 1920 est,
1656 1871 1696 1912 id
1716 1873 1790 1913 erit
1809 1871 2003 1925 praecipue

363 1939 709 1986 considerandum,
738 1939 776 1978 in
806 1951 880 1991 quo
910 1939 1125 1979 litterarum
1146 1952 1286 1990 genere
1307 1939 1373 1980 ille
1394 1945 1575 1980 versatus
1595 1938 1649 1978 sit
1669 1944 1710 1979 et
1728 1938 1820 1992 quid
1841 1937 2002 1991 scriptis

362 2005 444 2046 suis
487 2005 654 2045 maxime
697 2005 847 2045 efficere
884 2005 1060 2045 voluerit.
1116 2006 1212 2046 Inde
1241 2005 1343 2046 enim
1374 2005 1571 2046 scribendi
1601 2005 1701 2045 ratio
1729 2005 1910 2057 scriptori
1940 2017 2002 2044 re-

363 2072 530 2123 petenda
558 2077 639 2119 est,
680 2083 848 2124 suaque,
893 2076 936 2112 ut
963 2071 1020 2111 ait
1048 2069 1336 2120 Quintilianus,
1371 2072 1509 2125 cuique
1537 2071 1665 2124 generi
1694 2070 1893 2124 proposita
1922 2070 2002 2118 lex,

361 2151 455 2178 suus
483 2137 619 2190 cuique
646 2137 764 2177 decor
792 2142 854 2176 est
871 2136 926 2191 ⁸).
981 2137 1115 2190 Atque
1145 2151 1262 2191 quum
1292 2150 1341 2178 ex
1362 2138 1431 2186 iis,
1461 2151 1546 2191 quae
1565 2138 1612 2178 de
1631 2143 1860 2189 argumento
1880 2136 2002 2177 libro-

361 2217 444 2244 rum
474 2203 577 2245 Celsi
606 2202 785 2256 exposui,
813 2209 1026 2256 appareat,
1053 2203 1095 2244 id
1124 2217 1210 2244 eum
1240 2210 1461 2256 spectasse,
1505 2210 1550 2245 ut
1583 2202 1809 2244 Graecorum
1839 2202 2002 2244 medici-

363 2283 452 2310 nam
496 2269 688 2310 Romanis
730 2270 1042 2316 commendaret,
1071 2283 1191 2322 genus
1220 2282 1372 2324 quoque
1401 2269 1555 2311 dicendi
1583 2275 1814 2323 sequeretur
1841 2280 2001 2310 necesse

362 2342 468 2384 erat,
510 2336 611 2389 quod
655 2334 706 2375 ad
750 2335 788 2374 id
825 2342 928 2375 esset
963 2336 1132 2376 maxime
1160 2336 1351 2377 idoneum.
1407 2335 1540 2383 Quare
1570 2348 1693 2389 neque
1722 2335 1773 2376 ad
1802 2340 2000 2376 oratorum

361 2402 607 2455 splendorem
648 2407 688 2442 et
731 2401 1061 2453 magnificentiam
1103 2402 1285 2443 ascendit
1319 2415 1442 2456 neque
1471 2402 1637 2443 orationi
1666 2402 1851 2443 ornandae
1879 2405 1922 2441 et
1949 2400 2000 2441 ad

361 2469 555 2508 rhetorum
586 2479 731 2508 morem
761 2468 1050 2508 conformandae
1078 2468 1248 2517 studuit,
1277 2468 1348 2508 sed
1377 2467 1607 2509 submissius
1634 2467 1828 2521 quoddam
1857 2472 1898 2508 et
1925 2478 2001 2519 pu·-

361 2547 445 2574 rum
474 2540 592 2586 atque
619 2533 827 2574 candidum
856 2546 977 2585 genus
1007 2534 1239 2587 assumpsit,
1267 2535 1367 2587 quod
1397 2535 1447 2575 ad
1474 2533 1572 2574 artis
1592 2537 1788 2586 praecepta
1805 2532 2000 2573 tradenda

362 2600 609 2653 aptissimum
652 2612 737 2639 esse
780 2599 986 2639 videretur.
1051 2600 1139 2640 Non
1181 2601 1302 2652 igitur
1330 2600 1434 2654 apud
1463 2612 1552 2640 eum
1579 2599 1773 2639 inveneris
1800 2598 1999 2641 Ciceronis

362 2666 615 2707 elocutionem
643 2665 827 2717 grandem
857 2670 898 2704 et
925 2666 1044 2706 altius
1073 2672 1347 2718 exaggeratam
1377 2671 1448 2707 aut
1474 2665 1664 2718 longiores
1690 2664 1779 2706 illas
1808 2669 1850 2705 et
1885 2663 1999 2718 quasi

361 2732 549 2772 rotundas
577 2731 783 2772 verborum
814 2730 995 2772 ambitus.
1053 2732 1195 2774 Studio
1223 2731 1325 2772 enim
1355 2732 1496 2773 ductus
1524 2743 1586 2772 res
1614 2730 1786 2773 breviter
1813 2742 1861 2772 ac
1895 2729 2000 2771 dilu-

426 2850 451 2898 ')
479 2853 630 2889 Joannis
657 2852 832 2889 Ludovici
859 2853 1048 2891 Bianconii
1075 2853 1242 2900 Epistola.
1269 2853 1315 2890 de
1342 2852 1437 2890 Celsi
1464 2854 1587 2891 aetate.
1644 2852 1745 2890 Inest
1772 2851 1812 2888 in
1840 2851 1999 2891 editione

362 2909 502 2955 Targae.
547 2909 662 2956 Lugd.
692 2910 822 2946 Batav.
858 2910 977 2946 1785.

421 2963 451 3011 ²)
480 2966 539 3002 Ita
572 2966 769 3013 Schilling,
813 2966 970 3010 Quaestio
1005 2967 1050 3003 de
1084 2966 1241 3003 Cornelii
1276 2965 1369 3002 Celsi
1403 2967 1530 3008 seinte,
1575 2965 1673 3011 Lips.
1708 2964 1828 3001 1824.
1886 2964 1997 3001 Bern-

363 3022 493 3067 hardy,
525 3022 716 3058 Grundriss
744 3023 808 3059 der
838 3024 1053 3061 Romischen
1082 3024 1297 3060 Litteratur.
1356 3023 1490 3067 Ritter,
1520 3022 1575 3058 l.l.
1605 3022 1644 3059 in
1672 3020 1868 3068 prooemio.
1917 3021 1998 3057 Kis-

363 3078 446 3120 sel.,
478 3078 531 3113 l.l.
562 3090 647 3125 pag.
682 3080 729 3116 57
762 3091 842 3125 sqq.

422 3131 453 3180 ³)
482 3133 571 3171 Inst.
603 3135 663 3171 Or.
699 3137 762 3180 10,
795 3137 832 3178 2,
865 3137 930 3173 22.
