2106 3658
612 366 666 402 De
694 368 902 405 elocutione
930 368 975 404 A.
1006 365 1167 406 cornelii
1195 365 1302 402 Celsi.
1748 367 1798 403 39

239 478 369 530 Nec,
397 480 501 534 quod
533 494 605 534 pro
623 494 675 523 ne
689 505 741 511 —
758 480 922 537 quidem
950 486 1197 535 usurparunt
1215 480 1306 523 Liv.
1326 486 1369 521 et
1387 479 1625 535 posteriores
1643 481 1802 534 script„

129 547 236 600 apud
261 547 421 590 Celsum
445 561 496 589 ea
518 548 810 601 significatione
835 561 912 589 non
929 548 1141 590 invenitur.
1199 547 1417 590 Nonnullis
1438 547 1561 589 etiam
1588 547 1706 597 locis,
1735 548 1803 589 ubi

129 614 224 656 olim
267 615 460 669 scriptum
491 621 581 656 erat
619 629 709 658 nec
739 638 788 647 -—
818 615 1038 671 quidem,
1081 615 1335 657 recentiores'
1366 615 1539 656 editores
1582 622 1804 669 posuerunt

127 696 178 724 ne
199 705 251 712 —
274 681 460 738 quidem,
504 689 767 737 praeterquam
805 682 910 736 quod
943 684 1082 725 Ritter
1109 683 1266 724 duobus
1295 682 1392 724 locis
1432 680 1496 739 (1,
1523 682 1552 723 4
1578 683 1646 723 fin.
1676 682 1803 730 VIII,

131 749 152 791 1
183 748 259 804 in.)
288 749 495 803 antiquam
525 749 765 804 scripturam
796 750 972 792 retinuit.

239 814 430 872 Neque,
460 831 544 859 nec
572 831 643 871 pro
673 831 769 859 neve
797 818 1049 871 praecedente
1077 822 1121 859 ut
1148 816 1353 858 invenitur
1381 816 1423 866 1,
1452 816 1480 857 3
1509 829 1547 870 p.
1577 817 1650 866 21,
1683 815 1734 858 19
1761 822 1806 858 ut

127 889 164 926 et
190 882 302 925 sitim
329 883 440 926 tollat
468 899 537 926 nec
565 898 711 941 corpus
739 884 939 927 incendat.
988 884 1076 934 ΙΙΙ,
1108 883 1158 926 19
1188 897 1226 938 p.
1260 884 1358 932 103,
1387 884 1441 924 23
1479 889 1524 924 ut
1550 883 1706 926 nutriat
1733 897 1805 925 ne-

127 964 204 1007 que
231 957 377 994 oneret.
406 950 537 1001 VIII,
567 953 593 993 3
622 966 662 1006 p.
684 953 767 994 332
794 952 848 994 in.
877 957 922 992 ut
949 951 1282 1008 quandocumque
1309 963 1355 992 os
1377 957 1684 1006 perrumpatur,
1712 964 1806 993 sen-

127 1018 277 1060 tiamus
304 1032 431 1075 neque
454 1018 747 1075 periclitemur,
776 1033 825 1061 ne
852 1042 927 1062 —.
956 1020 978 1061 1
1007 1032 1180 1073 prooem.
1211 1032 1247 1072 p.
1282 1018 1356 1066 12,
1387 1018 1440 1059 10
1469 1018 1730 1074 praecipiunt,
1759 1025 1805 1060 ut

126 1087 378 1141 conquiescat
414 1110 469 1117 —
504 1101 552 1129 ac
593 1100 722 1143 neque
754 1086 905 1128 vomitu
941 1085 1191 1128 stomachum
1232 1099 1358 1141 neque
1389 1085 1635 1141 puryatione
1670 1084 1804 1127 alvum

127 1151 306 1196 sollicitet
317 1156 366 1207 ¹).
426 1154 496 1196 Cfr
525 1155 654 1205 VIII,
689 1155 737 1195 13
767 1161 869 1196 extr.
912 1160 958 1195 ut
998 1168 1063 1195 res
1104 1152 1271 1195 indiciis
1313 1159 1612 1209 cognosceretur
1653 1159 1689 1195 et
1723 1167 1804 1194 non

121 1226 313 1276 putarent
349 1220 427 1263 sibi
462 1222 662 1264 medicum
696 1220 894 1277 defuisse,
936 1222 974 1262 si
1006 1221 1078 1277 qui
1104 1220 1163 1262 sic
1190 1219 1366 1276 aliquem
1388 1220 1676 1276 perdidissent.
1734 1220 1806 1263 Cfr

126 1288 249 1329 etiam
279 1289 365 1339 111,
399 1289 450 1330 14
484 1303 555 1331 nec
583 1289 724 1331 vinum
750 1287 834 1330 nisi
855 1295 949 1344 post
978 1288 1241 1330 accessionem
1274 1287 1358 1329 diei
1385 1288 1545 1344 septimi
1573 1287 1699 1337 bibat,
1736 1288 1804 1329 ubi

126 1369 199 1397 uec
226 1357 400 1410 positum
430 1363 493 1398 est
521 1370 592 1410 pro
621 1370 670 1398 ne
698 1362 844 1398 autem.

237 1421 352 1464 Non
395 1437 466 1477 pro
509 1438 559 1466 ne
602 1424 763 1478 ponitur
804 1433 897 1477 post
933 1423 1170 1477 particulam
1208 1436 1296 1477 quae
1333 1427 1396 1464 est
1430 1422 1529 1464 dum
1563 1423 1618 1472 V,
1651 1422 1720 1471 18,
1749 1423 1802 1463 23

126 1490 226 1531 dum
253 1491 299 1532 id
327 1490 471 1533 siccius
498 1505 578 1532 nou
601 1492 756 1551 saciat,
786 1505 911 1546 quam
939 1505 1021 1533 esse
1049 1489 1254 1546 malayma
1283 1496 1448 1547 oportet.
1478 1490 1519 1539 1,
1548 1490 1575 1531 3
1604 1504 1642 1544 p.
1668 1489 1730 1539 18,
1749 1491 1804 1531 32

126 1558 232 1599 idem
261 1558 330 1608 fit,
365 1559 460 1613 quia
495 1573 576 1601 non
603 1572 692 1600 cum
722 1566 914 1612 sequente
943 1558 1146 1613 particula.
1178 1558 1261 1599 nisi
1296 1564 1406 1599 arcte
1437 1558 1692 1611 conjunctum
1722 1564 1804 1599 est:

125 1624 224 1667 dum
259 1631 296 1668 et
330 1626 470 1676 modo,
513 1632 550 1668 et
585 1640 667 1668 non
703 1625 785 1668 nisi
821 1641 948 1682 quum
982 1640 1084 1683 opus
1113 1632 1189 1675 est,
1230 1624 1510 1667 adhibeantur.
1567 1625 1674 1666 Nam
1703 1625 1804 1666 satis

125 1706 232 1747 saepe
276 1706 302 1734 a
339 1693 458 1736 Celso
496 1707 576 1735 una
613 1693 861 1736 collocantur
889 1708 987 1736 non
1015 1694 1135 1743 nisi,
1179 1693 1238 1734 ita
1267 1700 1311 1735 ut
1338 1693 1456 1734 unius
1485 1693 1692 1746 particulae
1722 1692 1802 1733 vim

124 1766 264 1802 tenere
295 1760 530 1810 videantur,
569 1762 680 1803 velut
707 1762 772 1811 11,
803 1761 856 1803 16
884 1763 939 1803 in.
998 1760 1260 1803 Abstinentioe
1288 1774 1380 1802 vero
1409 1760 1490 1801 duo
1515 1773 1662 1815 yenera
1692 1765 1802 1809 sunt,

124 1826 295 1869 alterum
336 1827 407 1869 ubi
446 1827 550 1870 nihil
584 1828 755 1870 assumit
791 1842 916 1885 oeqer,
959 1828 1134 1871 alterum
1169 1827 1239 1870 ubi
1274 1841 1355 1869 non
1391 1826 1475 1869 nisi
1502 1827 1612 1884 quod
1639 1832 1804 1883 oportet.

125 1894 357 1937 Ciceronem
391 1903 518 1950 partt.
553 1910 634 1938 non
661 1895 744 1937 nisi
778 1897 838 1938 ita
865 1910 1024 1951 semper
1054 1909 1219 1951 ponere,
1249 1902 1292 1937 ut
1323 1896 1577 1950 intercedant
1605 1895 1711 1936 inter
1735 1907 1803 1935 eas

124 1962 260 2017 aliqua
286 1964 432 2012 verba,
461 1963 562 2005 satis
592 1970 730 2005 notum
758 1971 821 2005 est
832 1963 886 2021 ²).

234 2027 511 2087 Proecipue.
570 2029 688 2078 Quod
729 2031 837 2085 apud
870 2031 1166 2079 Quintilianum
1199 2031 1283 2072 fieri
1321 2030 1420 2072 dicit
1455 2028 1716 2085 Handius³)‚
1757 2035 1805 2071 ut

124 2097 177 2139 ad
207 2098 413 2154 proecipue
447 2098 506 2140 ita
540 2104 766 2152 apponatur
794 2113 870 2155 que
905 2099 1152 2153 conjunctio,
1187 2105 1233 2140 ut
1262 2099 1346 2140 haec
1374 2097 1575 2152 particula
1603 2110 1682 2139 non
1712 2096 1804 2138 nni·

125 2177 281 2206 versam
323 2166 564 2207 seutentiam
610 2172 749 2208 nectat
791 2173 864 2208 aut
905 2167 1131 2217 continuet,
1174 2168 1246 2208 sed
1286 2179 1375 2207 cum
1407 2165 1615 2223 proecipue
1657 2164 1805 2206 arctius

124 2231 342 2285 conjuncta
378 2233 430 2274 ad
463 2246 548 2275 rem
583 2234 757 2288 aliquam
794 2248 876 2288 prae
905 2235 1048 2276 ceteris
1078 2235 1317 2276 efferendam
1351 2240 1586 2287 usurpetur,
1627 2232 1671 2273 id
1696 2231 1804 2285 apud

126 2298 288 2342 Celsum
318 2313 473 2354 quoque
502 2301 722 2354 saepissime
751 2302 819 2351 fit,
856 2302 967 2343 velut
999 2303 1040 2352 I,
1070 2302 1095 2341 3
1129 2302 1198 2343 fin.
1255 2300 1403 2356 Itaque
1429 2314 1561 2355 neque
1588 2300 1673 2341 sine
1700 2304 1804 2341 veste

124 2380 250 2422 neque
277 2366 363 2409 sine
391 2366 665 2410 calceamentis
688 2369 859 2424 prodire
886 2375 1060 2425 oportet,
1088 2369 1375 2425 proecipueque
1403 2366 1544 2409 diebus
1562 2365 1803 2423 friyidiori-

123 2432 211 2476 bus.
269 2434 401 2484 VIII,
429 2435 458 2476 4
493 2448 534 2488 p.
564 2436 645 2476 333
674 2436 741 2477 fin.
778 2451 924 2492 mayno
957 2436 1118 2493 inqenio
1151 2435 1355 2491 multaque
1393 2433 1652 2476 nihilominus
1687 2432 1804 2475 habi-

123 2506 214 2543 twro
248 2502 430 2544 convenit
463 2503 584 2544 etiam
613 2502 795 2561 ‚simplex
829 2505 915 2546 veri
942 2504 1093 2546 erroris
1121 2503 1337 2560 confessio,
1367 2503 1653 2558 praecipueque
1687 2501 1732 2542 in
1760 2513 1805 2543 eo

123 2568 372 2620 ministerio,
400 2569 509 2625 quod
544 2569 727 2612 utilitatis
762 2586 886 2612 causa
917 2571 1088 2627 posteris
1123 2570 1312 2612 traditur.
1342 2593 1396 2600 —-
1426 2568 1637 2624 Praecipue
1674 2582 1699 2610 a
1727 2581 1804 2622 po·

127 2635 360 2678 sterioribus
386 2637 522 2692 script.
552 2651 626 2692 pro
653 2639 881 2695 proesertim
909 2639 1258 2691 conjunctionibus
1285 2636 1468 2691 adjungi,
1505 2640 1803 2678 annotaverunt

124 2703 272 2745 Krebs.
301 2716 334 2746 s.
365 2717 428 2754 V„
456 2705 592 2746 Hand.
621 2718 653 2747 s.
685 2719 722 2748 v,
779 2707 904 2761 Apud
935 2706 1097 2749 Celsum
1128 2706 1244 2747 valde
1276 2705 1458 2758 frequens
1488 2709 1551 2745 est
1572 2702 1801 2759 proecipue-

124 2784 201 2825 que
227 2770 283 2820 si,
320 2772 432 2813 velut
459 2772 544 2822 ΙΙΙ,
572 2769 598 2814 ’Τ
627 2773 682 2814 in.
739 2771 790 2815 Si
825 2773 929 2816 vires
963 2774 1122 2822 sinunt,
1155 2771 1393 2828 sanquinem
1422 2771 1575 2813 mittere
1603 2769 1802 2827 optimum

124 2844 201 2887 est,
244 2838 525 2895 praecipueque
559 2839 597 2880 si
631 2855 724 2882 cum
758 2840 894 2884 dolore
921 2840 1050 2896 febris
1078 2846 1154 2888 est‚·
1196 2852 1274 2880 uno
1304 2840 1389 2880 loco
1427 2837 1629 2880 iuvenitur
1652 2837 1803 2894 proeci-

120 2919 280 2961 pueque
308 2907 406 2962 quia
433 2907 536 2956 VII,
564 2906 611 2956 ὃ,
640 2908 667 2948 2
695 2908 749 2950 iu.
805 2906 968 2964 Saepius
1003 2907 1139 2963 itaque
1177 2905 1228 2947 ab
1265 2905 1393 2948 altera
1416 2911 1557 2962 parte,
1597 2919 1722 2961 quam
1750 2919 1800 2948 ex

193 3060 218 3108 ¹)
248 3040 317 3099 off
340 3075 422 3109 quae
458 3063 503 3100 de
532 3063 644 3100 simili
674 3064 756 3100 1000
785 3063 993 3111 disputavit
1026 3064 1151 3101 Madv.
1174 3063 1222 3100 ad
1242 3062 1317 3100 cic.
1338 3062 1420 3099 rin.
1453 3062 1498 3106 4,
1521 3062 1560 3106 4,
1585 3062 1608 3098 9
1640 3074 1678 3109 p.
1703 3063 1799 3100 492.

185 3117 218 3165 ²)
247 3119 310 3157 Cfr
339 3121 462 3158 Hand.
493 3133 522 3157 s.
553 3134 590 3158 v.
622 3133 711 3169 pag.
735 3121 830 3159 251.

187 3174 219 3224 ³)
248 3177 284 3215 S.
319 3192 353 3216 v.
378 3181 568 3229 proecipue
596 3191 686 3228 pag.
711 3180 807 3217 530.
