2106 3658
365 346 415 385 36
1048 347 1088 385 C.
1118 348 1163 384 A.
1194 347 1338 386 Brolen.

365 459 513 501 nullum
556 460 754 502 iuvenitur
795 460 1031 514 exemplum.
1073 461 1295 514 disputavit
1337 461 1518 504 Handius
1551 464 1719 507 Turseli.
1754 479 1788 507 e.
1817 478 1854 507 ν.
1895 478 2009 519 pagg.

369 525 444 566 150
471 539 557 579 sqq.
587 549 638 557 —-·
670 525 783 567 Adeo
810 539 888 567 non
915 526 1228 578 praecedentibus
1257 534 1378 580 pai-tt..
1405 541 1456 570 ne
1482 551 1534 559 —
1565 530 1724 584 quidem
1752 531 1910 584 ponitur
1937 544 2008 573 ea·-

365 591 452 631 dem
482 592 764 642 significatione
794 598 916 645 atque
944 592 1107 640 nedum,
1137 593 1177 633 id
1206 594 1309 646 quod
1338 594 1442 646 apud
1463 595 1644 636 Tacitum
1674 597 1719 638 fit
1745 604 1786 638 et.
1816 598 1916 638 alios
1934 610 2008 650 po-

364 657 537 697 sterioris
571 658 700 698 estatis
737 657 950 710 scriptores
963 655 1023 712 ¹):
1067 659 1133 707 11,
1161 658 1188 700 6
1226 672 1263 712 p.
1293 659 1364 707 38,
1395 660 1446 700 10
1481 658 1589 711 Quin
1625 662 1743 704 etiam
1771 686 1823 695 -
1854 662 2008 704 Demo-

363 723 485 763 critus
519 735 565 762 ne
587 722 717 779 finitae
752 723 913 778 quidem
948 724 1036 765 vitae
1070 724 1168 765 satis
1195 731 1320 766 certas
1348 731 1459 766 notas
1486 737 1571 768 csse*
1588 729 1818 783 proposuit,
1865 728 2009 784 quibus

363 787 506 830 medici
539 788 815 837 credidissent,
849 788 948 830 adeo
975 788 1077 830 illud
1102 804 1182 832 nou
1208 789 1390 846 reliquit,
1425 797 1469 832 ut
1494 799 1600 834 certa
1627 792 1765 849 aliqua
1791 795 1909 850 siqua
1935 795 2008 847 fu-

362 860 462 893 turae
490 853 627 893 mortis
655 860 791 895 essent.
847 855 957 895 Idem
986 856 1111 896 altero
1139 857 1259 898 etiam
1288 858 1374 898 loco
1411 857 1496 899 haec
1523 859 1644 900 verba
1672 861 1857 902 videntur
1883 861 2008 913 signi-

362 920 500 965 ficare,
537 919 768 960 insolentius
797 920 1012 962 collocata:
1054 922 1132 971 IV,
1166 923 1212 963 ll
1251 936 1290 975 p.
1323 922 1400 963 135
1429 924 1480 964 in.
1537 923 1588 965 Id
1616 923 1872 981 Asclepiades
1907 926 2009 969 adeo

362 998 440 1024 uon
462 984 669 1038 prodesse,
706 985 824 1026 etiam
851 985 1058 1028 inimicum
1085 1001 1165 1029 esse
1188 989 1408 1043 proposuit.
1440 1012 1491 1020 -
1518 989 1631 1032 Adeo
1659 1005 1756 1040 non,
1783 999 1826 1033 ut
1861 1005 1930 1046 pro
1960 1005 2007 1034 eo

362 1051 463 1102 quod
493 1052 599 1103 apud
629 1057 783 1092 veteres
812 1058 874 1094 est
901 1058 1056 1094 tantum
1084 1053 1212 1104 abest,
1241 1061 1285 1095 ut
1314 1078 1365 1084 —
1393 1061 1453 1104 ut,
1482 1057 1672 1109 scriptum
1703 1065 1768 1099 est.
1793 1059 1858 1107 11,
1889 1059 1940 1099 10
1969 1072 2007 1111 p.

362 1116 414 1156 54
443 1117 507 1156 fin.
544 1130 664 1171 eaque
691 1117 826 1158 missio
855 1119 1064 1174 sanquinis
1091 1120 1191 1161 adeo
1226 1134 1306 1162 non
1329 1121 1510 1175 prodest,
1537 1128 1580 1162 ut
1607 1123 1725 1164 etiam
1753 1130 1899 1166 noceat.
1956 1125 2010 1173 V,

361 1181 432 1230 26,
467 1181 520 1222 25
564 1183 765 1224 invenitur
799 1185 898 1225 adeo
925 1184 1045 1235 nihil,
1079 1192 1142 1235 ut,
1185 1187 1416 1240 interposita
1443 1193 1578 1229 tamen
1608 1191 1807 1231 sententia
1835 1191 2009 1232 affirma-

361 1250 462 1289 tiva:
492 1248 604 1290 Adeo
632 1255 763 1291 tamen
790 1249 890 1291 nihil
910 1258 1148 1306 perpetuum
1177 1259 1249 1302 est,
1277 1253 1347 1294 sed
1372 1267 1526 1309 semper
1547 1268 1628 1310 pro
1647 1255 1687 1296 vi
1705 1255 1885 1312 corporis
1903 1256 2008 1297 oestt‘-

360 1314 575 1364 mundum,
603 1321 647 1356 ut
674 1315 918 1358 imbecillitas
945 1318 1065 1358 etiam
1092 1316 1222 1359 cibum
1237 1320 1424 1373 protinus
1433 1321 1575 1376 facere
1592 1323 1856 1363 necessarium
1871 1323 2011 1379 possit.

470 1380 638 1422 Adhuc
681 1383 728 1422 de
766 1395 813 1423 eo
848 1389 1060 1435 usurpatur
1095 1386 1197 1436 quod
1235 1399 1360 1439 usque
1397 1387 1447 1426 ad
1485 1393 1634 1428 certum
1671 1389 1860 1441 temporis
1893 1389 2007 1429 finem

362 1447 509 1487 factum
541 1453 619 1495 est,
649 1447 759 1488 velut
777 1448 895 1497 VIII,
919 1449 937 1488 1
970 1462 1009 1501 p.
1029 1446 1110 1490 327
1138 1451 1192 1491 in.
1222 1457 1348 1492 cetera
1375 1465 1486 1500 ossa,
1514 1452 1564 1494 de
1591 1452 1732 1507 quibus
1754 1453 1883 1495 adhuc
1901 1453 2010 1503 dia-i,-

362 1514 484 1553 multo
515 1520 645 1554 autem
675 1514 820 1566 saepius
850 1514 934 1555 haec
963 1527 1114 1569 quoque
1141 1516 1374 1568 significatio
1399 1518 1488 1559 huic
1509 1519 1713 1570 particulae
1731 1520 1909 1572 subjecta
1929 1526 2008 1570 est,

360 1586 404 1620 ut.
441 1579 586 1632 aliquid
623 1585 728 1621 certo
768 1581 938 1634 quodam
977 1587 1151 1635 tempore
1191 1584 1363 1624 nondum
1400 1584 1554 1625 finitum
1593 1597 1678 1625 esse
1719 1586 1896 1635 dicatur,
1939 1587 2007 1627 sed

358 1646 585 1687 etiamnunc
616 1646 673 1686 vel
705 1646 906 1688 etiamtum
938 1660 1111 1690 manere.
1157 1649 1398 1702 Appositum
1427 1657 1489 1691 est
1518 1657 1558 1691 et
1582 1651 1710 1692 verbis
1729 1652 1872 1700 finitis,
1901 1652 2009 1693 velut

360 1712 412 1760 V,
443 1711 516 1761 26,
546 1712 599 1753 34
628 1712 680 1754 in.
712 1709 983 1768 Ganyraenam
1011 1727 1118 1764 vero,
1147 1714 1184 1755 si
1211 1716 1389 1756 nondum
1414 1716 1534 1770 plane
1559 1723 1678 1766 tenet,
1707 1717 1778 1759 sed
1796 1718 1926 1759 adhuc
1943 1718 2008 1758 in—

357 1779 474 1834 cipit,
516 1793 658 1821 curare
694 1792 774 1820 non
807 1779 1090 1837 dfffiedllimum
1117 1787 1185 1823 est.
1225 1782 1350 1832 VIII,
1383 1782 1432 1823 15
1461 1783 1515 1824 in.
1550 1783 1588 1823 si
1614 1782 1675 1824 vel
1695 1783 1852 1838 puerile
1880 1784 2009 1825 adhuc

358 1852 415 1886 est
442 1859 606 1900 corpus,
645 1845 705 1887 vel
731 1844 844 1887 molle
872 1853 994 1894 σοφία,-
1035 1852 1076 1888 et
1103 1847 1322 1900 participiis
1350 1849 1412 1890 vel
1441 1849 1663 1901 adjectivis,
1697 1850 1740 1890 id
1769 1851 1870 1903 quod
1902 1851 2005 1904 apud

359 1911 517 1952 Livium
547 1918 588 1952 et
617 1912 851 1965 posteriores
878 1914 1090 1966 scriptores
1120 1915 1186 1962 fit,
1225 1914 1337 1955 velut
1362 1916 1384 1955 I
1413 1928 1583 1968 prooem.
1612 1929 1650 1968 p.
1681 1911 1708 1956 7
1734 1916 1801 1956 fin.
1837 1914 1887 1956 Si
1911 1916 2009 1971 quid

358 1985 488 2018 tamen
523 1979 594 2026 sit,
631 1978 737 2033 quod
770 1977 900 2019 adhuc
934 1980 1112 2034 spirante
1148 1979 1304 2021 homine
1339 1981 1559 2036 conspectui
1585 1980 1832 2036 subjiciatur.
1869 1983 1953 2031 ΙΙΙ,
1981 1982 2009 2023 4

359 2058 396 2095 p.
426 2044 502 2092 81,
531 2045 586 2086 28
614 2043 805 2085 inclinata
833 2045 994 2099 quidem
1019 2045 1147 2098 febre,
1177 2046 1246 2087 sed
1274 2045 1403 2087 adhuc
1431 2053 1560 2088 tamen
1582 2046 1801 2090 inhoerente.
1830 2049 1866 2097 Ι,
1884 2049 1934 2089 10
1954 2049 2006 2089 in.

360 2109 438 2150 Est
472 2111 590 2152 etiam
623 2109 838 2152 observatio
872 2112 1112 2160 necessaria,
1155 2126 1235 2167 qua
1269 2113 1360 2168 quis
1395 2113 1438 2154 in
1461 2112 1686 2168 pestilentia
1717 2120 1854 2154 utatur
1879 2113 2009 2155 adhue

361 2176 521 2230 inteyer.
549 2177 614 2225 ΙΙ,
647 2177 664 2217 l
699 2191 734 2230 p.
765 2177 840 2225 30,
868 2178 923 2218 24
949 2177 1122 2233 infantes
1149 2184 1376 2234 tenerosque
1401 2179 1532 2220 adhuc
1553 2193 1715 2234 pueros.
1745 2181 1805 2229 11,
1825 2176 1852 2221 '7
1877 2194 1916 2233 p.
1931 2180 2008 2230 42,

361 2243 411 2283 21
442 2242 599 2284 robusto
626 2241 756 2284 adhuc
783 2256 946 2298 corpore
957 2247 1006 2296 ²).
1036 2269 1086 2275 —-
1125 2243 1271 2286 Adhuc
1299 2258 1325 2285 a
1353 2245 1470 2287 Celso
1499 2259 1569 2299 pro
1597 2246 1716 2287 etiam
1737 2246 2008 2300 comparativo

361 2321 438 2349 non
465 2309 637 2361 apponi,
664 2321 786 2362 supra
813 2311 1017 2352 annotavi.

465 2374 636 2424 Alias,
678 2387 796 2429 quam
832 2376 1072 2428 particulam
1113 2392 1140 2420 a
1176 2377 1362 2420 Cicerone
1404 2383 1446 2418 et
1481 2378 1661 2419 omnibus
1704 2383 1799 2419 ante
1833 2378 2006 2420 Plinium

361 2441 544 2494 majorem
582 2441 841 2495 scriptoribus
883 2442 932 2483 de
967 2449 1166 2497 tempore,
1209 2457 1286 2486 uon
1331 2445 1379 2485 de
1413 2444 1497 2486 loco
1534 2444 1735 2498 usurpari,
1782 2444 2006 2496 Madvigius

359 2505 635 2562 contendit³)‚
672 2508 776 2561 apud
810 2507 970 2551 Celsum
999 2522 1075 2551 non
1105 2523 1195 2552 raro
1223 2510 1251 2552 i.
1280 2524 1313 2552 s.
1342 2523 1379 2564 q.
1408 2509 1487 2551 alio
1514 2508 1619 2552 loeo:
1646 2511 1722 2559 IV,
1750 2512 1778 2551 2
1804 2509 1859 2551 in.
1889 2509 2005 2551 Nam

358 2572 576 2623 amalorum,
613 2575 792 2623 aurium,
825 2574 1003 2616 dentium
1031 2575 1145 2618 dolor
1179 2582 1216 2619 et
1247 2575 1285 2617 si
1311 2577 1401 2632 quis
1427 2574 1570 2617 similis
1597 2582 1671 2625 est,
1706 2575 1808 2618 alias
1835 2575 1911 2617 en‘t
1935 2589 2006 2617 ea·-

354 2637 581 2694 plicandus.
617 2639 670 2688 V,
698 2639 773 2689 28,
804 2641 852 2681 11
883 2654 922 2694 p.
952 2643 1055 2691 212,
1082 2639 1109 2684 ’7
1136 2642 1275 2699 qualia
1300 2648 1337 2684 et
1363 2640 1485 2690 alias,
1520 2647 1556 2683 et
1580 2640 1702 2696 paulo
1729 2647 1819 2683 ante
1846 2641 1891 2682 in
1917 2655 2006 2696 ery-

356 2704 518 2761 sipelate
538 2707 749 2761 proposui.
785 2707 889 2756 VII,
918 2709 945 2749 2
973 2721 1011 2762 p.
1040 2708 1144 2758 264,
1171 2705 1238 2750 27.
1273 2709 1377 2757 VII,
1405 2709 1432 2749 2
1459 2707 1526 2748 fin.
1557 2708 1659 2757 VII,
1687 2704 1727 2758 7,
1750 2708 1798 2748 13
1818 2707 1870 2749 in.
1899 2707 2004 2757 Vll,

361 2772 412 2812 10
439 2772 491 2814 in.
533 2773 640 2821 VII,
672 2773 741 2822 12,
770 2773 796 2814 3
824 2773 879 2815 in.
917 2774 1023 2825 VII,
1056 2775 1107 2817 15
1133 2776 1187 2818 in.
1216 2775 1322 2825 VII,
1349 2775 1424 2824 30,
1455 2774 1492 2815 1.
1520 2774 1621 2824 VII,
1648 2774 1723 2824 30»,
1750 2774 1777 2815 3
1805 2774 1873 2815 flu.

420 2934 446 2982 ¹)
476 2937 596 2975 Hand.
628 2951 657 2975 e.
689 2952 724 2976 v.
755 2951 841 2987 pag.
879 2940 970 2976 154.
1078 2980 1080 2983 ,

415 2991 447 3039 ²)
476 2994 536 3030 Cfr
572 3009 652 3042 quae
681 2997 727 3033 de
755 2998 827 3034 hac
855 2996 1042 3044 particula
1069 2996 1303 3043 disputarunt
1337 2996 1457 3033 Hand.
1488 3008 1517 3033 s.
1548 3009 1585 3034 v.
1620 2998 1659 3034 et
1687 2996 1810 3034 Madv.
1840 2995 1888 3032 ad
1915 2995 1990 3032 Cic.

358 3049 438 3085 Fin.
472 3052 515 3094 5,
549 3054 592 3095 5,
628 3054 675 3089 16
708 3066 795 3101 pag.
828 3055 922 3092 629.

419 3102 450 3151 ³)
479 3108 602 3147 Madv.
634 3110 680 3145 ad
710 3110 784 3147 Cic.
815 3111 894 3147 Fin.
930 3111 966 3154 1,
999 3112 1043 3154 3,
1077 3112 1113 3147 7.
1173 3110 1234 3147 cfr
1264 3109 1384 3147 Hand.
1413 3122 1443 3146 e.
1473 3122 1509 3146 v.
1539 3121 1625 3156 pag.
1658 3110 1752 3146 224.
