2106 3658
383 388 430 424 13
1057 380 1096 416 C.
1126 380 1171 417 A.
1200 380 1345 417 Brolen.

379 499 431 548 V,
458 496 525 548 27,
553 500 580 539 2
606 510 646 551 p.
673 497 768 544 201,
795 493 834 536 6.
888 493 987 535 Post
1027 507 1114 548 quw
1148 491 1255 534 nullo
1290 506 1389 534 novo
1422 491 1649 547 mayisterio
1675 494 1745 536 sed
1765 492 1857 547 jam
1883 506 2011 547 supra

371 564 504 620 posito
530 561 668 603 vulnus
695 562 769 603 erit
796 559 1052 616 implendum.
1107 559 1196 600 Hoc
1225 558 1345 600 etiam
1375 558 1480 611 apud
1516 559 1704 600 Plautum
1736 565 1778 601 et
1809 558 2008 600 Tibullum

376 630 460 671 fleri
487 628 612 670 lexicu
638 631 842 669 annotant.

482 692 790 735 Manducare
831 690 1006 747 (Varro,
1046 690 1271 743 posterioris
1300 689 1430 731 aetatis
1457 688 1690 747 scriptores)
1717 690 1823 744 apud
1851 689 2010 732 Celsum

375 767 436 802 est
461 760 536 809 IV,
564 759 589 799 3
616 759 682 799 fin.
710 757 844 812 sinapi
870 756 1124 798 manducare.
1153 757 1228 806 IV,
1257 756 1296 796 4.
1331 755 1408 805 IV,
1440 756 1487 797 11
1509 769 1548 810 p.
1571 756 1662 806 134,
1681 756 1748 798 26.
1775 755 2011 810 Bernhardy

373 825 449 883 (l-l.
477 838 514 878 p.
542 823 642 879 322)
670 824 744 865 hoc
773 823 935 864 verbum
964 835 1015 863 ex
1041 835 1218 863 sermone
1246 822 1399 875 plebejo
1427 828 1673 876 assumptum
1700 835 1786 864 esse
1812 827 1941 876 putat.

478 889 734 932 Medicare
775 889 815 930 iu
843 888 1050 943 participio
1079 889 1155 937 IV,
1194 889 1245 929 12
1278 901 1316 941 p.
1348 884 1440 938 137,
1468 886 1496 929 6
1521 888 1567 930 in
1589 887 1760 944 friqidis
1785 885 2012 930 medicatis·-

370 969 447 1013 que
469 954 645 1011 fontibus
673 954 775 1011 (urg.
803 960 870 996 aet.
898 953 1143 1009 scriptores).

476 1020 755 1063 Meridiari
780 1021 821 1071 I,
847 1022 874 1062 2
902 1034 941 1074 p.
974 1021 1025 1062 14
1052 1018 1208 1075 Lonqis
1227 1018 1364 1062 diebus
1383 1019 1594 1063 meridiari
1605 1019 1742 1076 potius
1760 1025 1851 1062 ante
1867 1017 2009 1061 cibum.

370 1086 534 1143 (Catull.
562 1085 708 1142 Suet.).

475 1151 831 1203 Minister-ium,
859 1164 940 1206 qua
965 1165 1060 1194 voce
1089 1158 1134 1194 ut
1161 1151 1297 1206 Virg„
1325 1151 1461 1202 Ovid.‚
1490 1153 1601 1202 Liv.‚
1628 1152 1865 1206 posteriores
1883 1152 2011 1205 scrip-

369 1225 471 1260 tores
499 1232 605 1272 saepe
633 1225 811 1267 utuntur,
854 1219 958 1272 apud
987 1218 1142 1260 Celsum
1172 1225 1234 1259 est
1261 1231 1339 1259 uno
1367 1218 1452 1259 loco
1481 1219 1606 1268 VIII,
1632 1219 1661 1260 4
1688 1231 1726 1271 p.
1755 1219 1836 1259 333
1870 1219 1937 1259 fin.
1965 1218 2011 1259 in

367 1298 410 1326 eo
437 1284 674 1334 ministerio,
703 1284 810 1340 quod
837 1283 1019 1326 utilitatis
1046 1298 1169 1325 causa
1189 1284 1362 1340 posteris
1390 1284 1578 1326 traditur.

474 1349 773 1392 Momentum
813 1350 840 1392 i.
875 1364 911 1391 a.
948 1356 1136 1404 punctum
1179 1351 1367 1403 temporis
1402 1351 1485 1399 III,
1513 1352 1541 1392 2
1577 1363 1614 1404 p.
1642 1347 1719 1400 76,
1759 1351 1810 1392 14
1851 1350 2010 1391 admota

366 1416 568 1458 curatione
594 1422 785 1458 momento
812 1417 1043 1458 restituitur.
1073 1416 1148 1464 IV.
1180 1416 1231 1456 18
1258 1430 1297 1470 p.
1329 1417 1408 1458 144
1435 1417 1488 1458 in.
1532 1417 1637 1466 VII,
1669 1416 1720 1458 16
1748 1417 1800 1458 in.
1829 1416 1929 1464 VII,
1957 1414 2010 1455 26

365 1496 404 1536 p.
433 1481 514 1524 309
541 1483 607 1524 fin.
635 1482 759 1532 VIII,
786 1484 813 1523 2
840 1483 906 1524 fiu.
935 1483 1056 1532 VIII,
1089 1484 1138 1523 12
1165 1483 1231 1524 fin.
1288 1482 1408 1536 Apud
1438 1483 1596 1524 Livium
1623 1496 1776 1536 quoque
1805 1483 1924 1523 talem
1953 1481 2009 1522 si-

365 1548 653 1600 gnificationem
681 1548 756 1590 hoc
783 1549 945 1590 verbum
975 1549 1116 1598 habet,
1151 1549 1221 1589 sed
1249 1549 1392 1602 saepius
1422 1549 1632 1602 apponitur
1659 1550 1777 1602 genit.
1806 1548 2012 1604 temporis,

365 1613 471 1656 horoe
497 1619 594 1664 cet.,
622 1614 663 1655 id
691 1614 793 1668 quod
821 1615 924 1669 apud
954 1614 1113 1656 Celsum
1142 1627 1353 1667 numquam
1380 1615 1439 1655 fit.

473 1677 709 1722 Mordere
749 1682 946 1722 translata
987 1681 1272 1734 significatione
1314 1681 1458 1722 dicitur
1500 1681 1554 1728 V,
1590 1678 1666 1730 26,
1694 1681 1748 1721 23
1776 1693 1816 1734 p.
1847 1678 1927 1722 192
1954 1678 2010 1720 in.

365 1759 518 1801 quoque
551 1745 677 1802 plura
717 1745 802 1788 loca
842 1746 1027 1802 injectum
1066 1745 1266 1788 vinculum
1308 1746 1470 1788 mordet.
1515 1746 1620 1795 VII,
1647 1747 1688 1796 4,
1716 1746 1744 1788 4
1770 1745 1875 1787 med.
1903 1751 1940 1788 et
1965 1744 2011 1786 id

365 1812 551 1861 sanescit,
578 1811 684 1868 quod
710 1826 736 1853 a
763 1811 846 1854 lino
872 1812 1054 1854 relictum
1080 1819 1153 1863 est,
1181 1818 1217 1854 et
1243 1812 1306 1862 id,
1334 1812 1440 1868 quod
1467 1811 1518 1854 ab
1545 1825 1589 1854 eo
1617 1812 1835 1862 mordetur,
1862 1810 2011 1853 incidi-

366 1884 442 1919 tur.
469 1878 572 1927 VII,
600 1877 642 1927 5,
669 1877 697 1918 4
723 1878 776 1920 in.
804 1879 840 1921 is
867 1877 973 1920 locus
999 1878 1070 1935 qui
1096 1892 1322 1921 vnucronem
1350 1877 1573 1920 momordit.
1628 1879 1696 1920 Ite.
1723 1882 1850 1932 poetae
1877 1883 1918 1919 et
1935 1889 2010 1931 po-

364 1944 550 1986 steriores
577 1944 802 1998 scriptores.

473 2008 782 2052 Necessaria
822 2011 921 2064 plur.
950 2011 975 2053 i.
1004 2025 1041 2053 a.
1069 2024 1133 2052 res
1173 2010 1226 2052 ad
1267 2010 1477 2051 vivendum
1519 2010 1748 2051 necessariae
1779 2010 1862 2059 111,
1888 2010 1945 2051 22
1970 2022 2008 2063 p.

367 2075 458 2125 110,
489 2076 540 2117 12
566 2090 691 2131 quum
717 2076 790 2118 diu
817 2077 1037 2119 necessaria
1063 2075 1283 2130 defuerunt.
1339 2076 1483 2117 Krebs.
1511 2089 1543 2118 s.
1564 2089 1602 2117 ν.
1632 2076 1809 2126 dubitat,
1838 2088 1932 2118 num
1950 2075 2010 2117 itu

365 2147 471 2183 recte
500 2141 666 2184 dicatur.

471 2206 524 2249 N
529 2214 727 2251 ocenter
753 2207 925 2264 (Colum.
941 2206 1073 2264 Tert.)
1089 2208 1142 2258 V,
1157 2207 1225 2257 28,
1244 2208 1290 2249 11
1309 2207 1364 2249 in.
1379 2208 1585 2263 maqisque
1602 2213 1782 2250 nocenter
1794 2206 2008 2250 indolescit.

472 2272 680 2323 Nolens,
721 2276 825 2328 quod
865 2275 1113 2328 participium
1148 2280 1241 2316 ante
1277 2280 1505 2327 argenteam
1534 2280 1692 2315 aetatem
1722 2274 1828 2328 apud
1857 2273 2007 2316 nullum

365 2339 593 2392 scriptorem
622 2340 790 2382 inveniri
817 2341 961 2383 Krebs.
990 2355 1023 2382 s.
1052 2354 1089 2382 V.
1118 2346 1256 2382 auctor
1283 2346 1366 2390 est,
1394 2341 1499 2394 apud
1525 2339 1685 2382 Celsum
1713 2340 1912 2382 invenitur
1929 2351 2007 2381 uuo

365 2404 467 2447 loco:
496 2406 539 2456 1,
567 2406 594 2447 8
622 2405 675 2447 in.
703 2405 918 2448 nolentium
945 2406 1128 2449 vomitus.

471 2469 546 2513 Eo
573 2472 764 2515 nomine
791 2474 816 2514 i.
831 2470 864 2514 s.
880 2486 915 2527 q.
935 2473 984 2515 ob
1011 2487 1098 2516 eam
1127 2486 1309 2523 causam,
1337 2485 1380 2515 eo
1407 2469 1486 2527 (cfr
1505 2471 1588 2514 Cic.
1606 2471 1694 2513 Fin.
1714 2473 1754 2521 2,
1772 2467 1812 2520 ⁷.
1828 2469 1902 2526 21)
1930 2469 2007 2519 IV,

368 2536 419 2578 18
445 2537 497 2578 in.
525 2536 640 2593 Ergo
667 2552 711 2580 eo
737 2538 894 2581 nomine
921 2538 1101 2581 morbum
1123 2539 1228 2581 launo
1245 2537 1424 2594 χολέραν
1442 2534 1576 2580 G'roeci
1593 2537 1862 2579 nominarunt.
1890 2536 2008 2585 VIII,

365 2603 393 2643 4
429 2615 468 2656 p.
505 2604 608 2653 334,
643 2605 682 2646 3.
709 2628 765 2635 —
805 2604 1034 2659 Apponitur
1077 2605 1196 2647 etiam
1238 2605 1435 2659 particula
1475 2603 1646 2646 causalis
1689 2603 1753 2644 vel
1794 2601 1942 2644 finalis:
1984 2602 2007 2643 1

364 2681 538 2721 prooem.
566 2683 605 2723 p.
637 2671 700 2719 10,
732 2671 782 2712 10
809 2684 932 2726 quum
959 2670 1009 2712 ab
1036 2670 1117 2713 illis
1145 2684 1189 2713 eo
1215 2671 1370 2712 nomine
1397 2668 1651 2717 dissentiant,
1693 2667 1800 2724 quod
1834 2667 1879 2708 in
1911 2680 2006 2709 con·

357 2734 514 2788 jectura
553 2749 689 2778 rerum
729 2735 932 2778 latentium
972 2736 1111 2779 nolunt
1145 2750 1226 2779 esse
1259 2737 1510 2779 medicinam.
1553 2735 1680 2783 VIII,
1707 2734 1735 2775 4
1761 2747 1800 2787 p.
1829 2733 1910 2774 333
1938 2733 2004 2774 fin.

365 2798 499 2842 Potest
525 2807 656 2844 autem
682 2808 822 2844 sutura
849 2816 892 2845 eo
919 2804 1076 2845 nomine
1093 2801 1261 2860 fallere,
1287 2802 1384 2858 quia
1403 2814 1510 2857 oeque
1528 2814 1671 2856 aspera
1689 2805 1756 2841 est.
1785 2799 1881 2848 VII,
1894 2797 1964 2847 26,
1977 2800 2005 2839 2

365 2878 403 2917 p.
431 2866 523 2916 309,
551 2867 606 2909 34
631 2867 763 2924 quue
789 2882 833 2911 eo
860 2869 1016 2911 nomine
1049 2883 1150 2925 opus
1185 2874 1260 2919 est,
1299 2881 1349 2911 ne
1375 2891 1427 2898 —
1456 2865 1628 2908 calculus
1669 2865 1778 2906 intus
1818 2863 2004 2920 effuyiat.

365 2930 435 2971 Gsr
462 2932 543 2981 VI,
570 2932 691 2983 6,14
717 2934 783 2975 fin.
812 2948 922 2978 acres
958 2934 1036 2977 cibi
1062 2948 1143 2978 non
1169 2933 1250 2978 alio
1276 2934 1406 2991 maqis
1433 2932 1591 2976 nomine
1616 2931 1681 2974 Itis
1706 2937 1856 2981 noceret,
1882 2944 2005 2986 quam

365 2996 472 3050 quod
496 2996 682 3051 &zer-imas
709 3007 873 3043 movent.

473 3061 525 3103 N
526 3065 687 3107 utrire
729 3067 954 3120 frequenter
993 3071 1206 3120 usurpatur
1238 3066 1374 3108 eodem
1402 3065 1517 3107 modo
1545 3076 1622 3118 quo
1649 3075 1810 3113 curare,
1848 3061 2005 3117 fovere,

366 3125 408 3168 id
434 3128 539 3183 quod
564 3131 669 3184 apud
696 3131 855 3174 Livium
882 3145 1035 3188 quoque
1060 3132 1106 3175 fit
1132 3132 1201 3175 lib.
1220 3128 1260 3183 ⁷,
1278 3145 1365 3187 cap.
1383 3133 1424 3175 2.
1444 3130 1549 3174 Cels.
1570 3130 1646 3179 ΙΙΙ,
1663 3127 1690 3172 9
1707 3129 1776 3172 flu.
1829 3126 2004 3186 Ideoque
