2106 3658
379 375 400 411 4
1055 365 1094 401 C.
1125 364 1169 400 A.
1198 363 1342 399 Brolen.

378 486 551 529 amicitia
577 483 715 525 Licinii
745 479 878 523 Crassi
907 491 1018 520 usum
1039 489 1124 519 esse
1152 476 1290 518 Cicero
1309 480 1482 517 testatur
1498 475 1557 530 ¹),
1585 480 1628 516 et
1642 488 1712 529 per
1731 474 2006 516 Themisonem

378 552 544 593 maxime
573 549 803 590 medicinam
832 545 936 597 apud
965 545 1168 585 Romanos
1196 541 1418 584 increvisse.
1474 542 1696 594 Imperante
1721 548 1850 582 autem
1870 540 2008 593 Augu-

376 625 438 660 sto
480 617 622 657 scimus
651 615 808 655 Graecos
837 610 1008 651 medicos
1037 610 1094 650 M.
1122 608 1325 650 Artorium
1355 614 1396 648 et
1423 606 1643 648 Antonium
1671 608 1826 649 Musam
1854 619 2009 647 summa

376 683 490 725 laude
518 680 707 721 floruisse.

484 747 622 788 Celsus
665 748 795 784 autem
838 741 986 795 primus
1029 740 1264 781 medicinam
1301 738 1434 780 latinis
1463 738 1606 781 litteris
1637 744 1809 781 tractare
1839 738 2012 780 instituit

377 826 496 866 eaque
526 812 644 852 latine
687 820 897 861 exponere,
926 819 1013 860 quae
1049 820 1074 847 a
1110 805 1258 847 Graecis
1286 810 1399 846 erant
1426 805 1465 845 in
1497 805 1570 846 hac
1599 811 1683 846 arte
1710 805 1893 853 inventa,
1935 816 2010 857 quo

378 879 527 919 facilius
555 883 594 916 et
623 875 774 928 planius
802 873 1063 925 intelligerent
1090 871 1316 924 populares,
1358 870 1490 924 qualia
1530 877 1662 912 essent
1702 884 1751 912 ea
1786 876 2010 923 quantoque

378 944 496 984 veteri
525 942 581 982 illi
608 939 878 993 superstitioni
901 943 1144 992 praestarent.
1201 938 1256 978 Et
1283 937 1372 978 licet
1400 937 1439 976 in
1470 937 1544 978 hac
1572 950 1614 978 re
1642 937 1798 979 Celsum
1828 950 1914 977 cum
1941 936 2012 976 Ci-

376 1022 512 1051 cerone
541 1019 787 1059 comparare,
816 1018 934 1058 quum
962 1005 1002 1044 in
1033 1003 1227 1044 medicina
1254 1003 1354 1043 idem
1385 1003 1448 1043 hic
1478 1003 1595 1044 vellet
1624 1004 1794 1052 efficere,
1823 1002 1926 1056 quod
1946 1002 2010 1042 ille

376 1076 412 1116 in
443 1073 702 1127 philosophia.
759 1072 933 1124 Uterque
962 1070 1066 1110 enim
1097 1082 1237 1110 novam
1267 1073 1393 1110 artem
1414 1068 1546 1110 latinis
1567 1069 1710 1110 litteris
1729 1068 1876 1122 primus
1897 1081 2012 1109 man-

376 1140 505 1187 davit,
548 1139 699 1191 utrique
729 1137 768 1178 id
798 1142 886 1177 erat
913 1135 1178 1189 propositum,
1221 1140 1265 1176 ut
1297 1134 1523 1176 Graecorum
1553 1135 1717 1176 inventa
1745 1135 1912 1175 dilucide
1941 1146 2013 1174 ex-

377 1212 537 1259 poneret
566 1210 606 1245 et
634 1205 712 1250 ita,
742 1209 786 1244 ut
814 1203 865 1243 ab
895 1202 1074 1242 omuibus
1103 1201 1421 1254 intelligerentur.

483 1270 633 1312 Graeeis
652 1270 768 1322 igitur
786 1267 1075 1320 exemplaribus
1105 1267 1242 1308 Celsus
1270 1280 1363 1308 usus
1392 1272 1453 1307 est
1481 1271 1524 1307 et
1550 1279 1599 1307 ex
1626 1266 1674 1307 iis
1703 1279 1750 1307 ea
1770 1265 1898 1319 elegit,
1927 1278 2014 1320 qnae

377 1337 586 1378 maximam
629 1336 778 1376 civibus
820 1334 1032 1375 utilitatem
1077 1333 1250 1374 allatura
1291 1346 1375 1373 esse
1417 1333 1598 1385 putabat.
1653 1333 1793 1386 Neque
1821 1338 1951 1372 tamen
1980 1331 2015 1372 si

375 1404 471 1444 alios
499 1408 655 1443 secutus
684 1407 745 1442 est
774 1413 895 1454 eaque
923 1400 1146 1453 proposuit,
1188 1412 1274 1452 quae
1309 1399 1414 1451 apud
1443 1399 1540 1439 alios
1567 1398 1739 1446 invenit,
1780 1398 1869 1439 ideo
1898 1398 2015 1451 quid-

375 1482 490 1522 quam
521 1468 676 1508 videtur
703 1467 751 1507 de
781 1466 895 1507 laude
925 1465 1010 1518 ejus
1039 1478 1125 1506 esse
1155 1465 1449 1505 detrahendum.
1508 1463 1641 1510 Quum
1675 1464 1779 1505 enim
1809 1463 1905 1504 nihil
1935 1465 2014 1504 fere
2055 1485 2059 1488 ·

376 1539 480 1575 esset
507 1547 532 1574 a
559 1533 749 1574 Romanis
777 1532 817 1572 in
847 1531 1044 1572 medicina
1085 1532 1284 1579 effectum,
1327 1531 1362 1571 ei
1399 1543 1556 1571 necesse
1591 1537 1680 1571 erat
1715 1543 1762 1571 ea
1799 1542 2015 1579 assumere,

375 1613 460 1653 quse
487 1599 592 1652 apud
622 1598 782 1639 Graecos
811 1597 991 1650 exposita
1019 1596 1189 1645 invenit3
1217 1602 1301 1637 tum
1332 1609 1424 1636 vero
1453 1596 1510 1636 ita
1539 1596 1602 1637 ille
1631 1596 1729 1637 alios
1758 1601 1917 1637 secutus
1934 1601 2016 1645 est,

375 1673 420 1707 ut
447 1678 516 1706 suo
545 1665 650 1705 idem
680 1663 822 1716 judicio
849 1668 986 1704 staret.
1042 1663 1147 1703 Nam
1175 1675 1293 1716 quum
1323 1676 1373 1703 ex
1401 1662 1595 1703 uberrima
1623 1662 1712 1711 illa,
1740 1675 1824 1715 quae
1853 1660 2016 1703 Graeco-

376 1745 459 1772 rum
490 1737 595 1779 erat,
639 1731 752 1783 copia
781 1742 828 1770 ea
857 1735 991 1770 essent
1019 1729 1214 1782 eligenda,
1257 1742 1342 1782 quae
1372 1728 1532 1768 maximi
1562 1728 1747 1769 momenti
1777 1727 1931 1781 verique
1960 1727 2017 1768 si-

377 1798 537 1838 millima
577 1810 661 1837 esse
705 1796 948 1845 viderentur,
988 1795 1029 1836 in
1067 1795 1141 1835 hac
1170 1808 1210 1835 re
1240 1800 1354 1836 tanta
1382 1795 1560 1835 doctrina
1589 1801 1777 1848 tantaque
1807 1793 2017 1847 prudentia

375 1864 521 1912 utitur,
562 1868 607 1903 ut
639 1866 828 1916 appareat
861 1861 903 1903 in
937 1873 982 1902 eo
1011 1861 1131 1902 fuisse
1160 1873 1237 1901 non
1266 1861 1391 1901 solum
1421 1873 1572 1908 eorum,
1613 1873 1699 1913 quoe
1727 1874 1752 1901 a
1780 1859 1931 1901 Graecis
1958 1861 2018 1900 ef-

377 1931 483 1970 fecta
524 1935 657 1978 erant,
701 1932 928 1969 accuratam
971 1926 1252 1979 cognitionem,
1294 1928 1363 1967 sed
1407 1926 1526 1967 etiam
1568 1926 1773 1967 scientiam
1817 1926 2018 1967 medicinae

376 1995 531 2035 aliunde
573 1999 844 2047 comparatam
871 1993 1046 2046 satisque
1073 1993 1226 2034 firmum
1255 1993 1302 2033 de
1331 1992 1402 2041 iis,
1445 2005 1531 2046 quae
1561 1992 1612 2032 ad
1642 1992 1743 2033 hanc
1771 1997 1898 2032 artem
1927 2005 2017 2045 per-

378 2061 578 2109 tinebant,
603 2059 806 2112 judicium.
862 2059 965 2100 Nam
995 2065 1035 2100 et
1062 2059 1110 2099 de
1138 2058 1260 2099 totius
1290 2058 1492 2100 medicinae
1521 2058 1743 2099 conditione
1772 2071 1862 2099 vere
1897 2063 2017 2112 atque

378 2127 529 2167 excelse
559 2127 698 2174 sentit,
727 2132 772 2166 ut
799 2138 849 2166 ex
876 2125 1074 2178 prooemio
1104 2124 1191 2165 libri
1220 2125 1334 2178 primi
1363 2125 1556 2177 praecipue
1590 2128 1776 2177 apparet,
1820 2123 1886 2165 ubi
1915 2124 2018 2165 iuter

377 2206 463 2241 eas,
492 2206 576 2246 quae
605 2199 686 2233 tum
716 2197 851 2240 erant,
881 2191 1113 2231 medicorum
1142 2196 1270 2231 sectas
1299 2190 1602 2244 prudentissime
1631 2190 1819 2242 dijudicat
1851 2188 1932 2246 (cfr
1951 2189 2017 2230 lib.

379 2260 421 2300 II
440 2271 526 2312 cap.
547 2258 573 2299 6
590 2257 700 2313 fin.),
730 2264 771 2298 et
790 2258 877 2299 aliis
897 2257 991 2298 locis
1020 2257 1225 2309 proponit,
1268 2257 1395 2310 qualis
1424 2257 1548 2298 bonus
1578 2257 1748 2298 medicus
1768 2269 1854 2297 esse
1871 2256 2018 2297 debeat

378 2323 507 2380 (velut
534 2324 574 2364 in
604 2324 801 2377 prooemio
822 2323 911 2364 libri
931 2323 1054 2378 VII),
1085 2328 1222 2364 contra
1242 2323 1365 2363 malos
1386 2329 1426 2364 et
1445 2335 1530 2371 eOS,
1558 2323 1624 2376 qui
1643 2322 1806 2376 quaestui
1825 2322 2016 2369 serviunt,

379 2391 626 2431 vehementer
653 2390 824 2442 castigat
852 2388 958 2445 (111,
976 2390 1004 2429 4
1022 2402 1059 2442 p.
1078 2388 1153 2439 803
1183 2389 1235 2438 V,
1253 2387 1320 2438 26,
1343 2387 1401 2444 1).
1458 2387 1702 2441 Compluries
1739 2394 1870 2429 antem
1903 2392 2016 2441 post-

377 2469 494 2510 quam
521 2462 582 2496 att
669 2471 671 2474 ⁴
718 2457 810 2509 quid
838 2457 887 2496 de
916 2455 1063 2496 morbis
1093 2460 1133 2495 et
1162 2455 1429 2496 curationibus
1457 2454 1524 2495 alii
1547 2454 1790 2507 judicarent,
1831 2453 2017 2494 refutatis

379 2535 511 2563 eorum
539 2521 775 2570 rationibus,
804 2521 897 2575 quid
925 2521 1012 2574 ipse
1039 2521 1207 2570 sentiat,
1237 2521 1408 2575 exponit.
1464 2521 1602 2574 Neque
1638 2532 1685 2561 ea
1720 2519 1845 2561 solum
1875 2519 2017 2568 affert,

378 2601 463 2641 quae
491 2587 554 2628 vel
584 2587 725 2629 litteris
754 2588 944 2629 mandata
971 2587 1175 2628 invenerat
1202 2587 1264 2627 vel
1294 2587 1529 2628 medicorum
1559 2598 1631 2627 usu
1651 2585 1919 2639 comprobata,
1947 2585 2016 2626 sed

380 2653 574 2695 nonnullis
603 2653 696 2694 locis
725 2667 772 2695 ea
799 2665 948 2707 quoque
976 2653 1102 2695 tradit
1128 2652 1292 2694 curandi
1333 2665 1495 2705 genera,
1537 2664 1622 2705 quse
1651 2664 1676 2692 a
1703 2651 1818 2705 plebe
1845 2650 2016 2700 usitata,

377 2720 411 2760 si
440 2721 622 2773 prodesse
651 2719 779 2760 minus
808 2724 992 2773 possent,
1018 2725 1151 2761 tamen
1179 2718 1276 2760 nihil
1305 2717 1639 2802 pericnlffabere
1669 2717 1893 2758 viderentur
1920 2715 2017 2773 (ΙΙΙ,

379 2841 534 2878 maxime
562 2843 705 2879 secutus
733 2853 824 2878 sum.
883 2841 1029 2887 Inspexi
1057 2842 1183 2878 autem
1210 2841 1324 2877 etiam
1352 2839 1410 2876 ed.
1439 2839 1569 2886 Targae
1588 2838 1719 2886 (Lugd.
1739 2838 1872 2876 Batav.
1891 2837 2016 2884 1⁷85)

379 2899 416 2933 ot
445 2908 544 2940 eam,
590 2910 702 2944 quam
736 2898 899 2936 fecerunt
932 2898 1062 2934 Albers
1096 2900 1134 2934 et
1161 2897 1283 2934 Ritter
1311 2895 1450 2942 (Colon.
1485 2897 1620 2942 1835).
1679 2897 1797 2941 Quum
1825 2897 1951 2933 autem
1978 2895 2018 2931 in

380 2953 483 2989 „uua
524 2955 654 2990 harum
687 2955 768 2991 edd.
805 2956 931 3001 capita
965 2955 1037 2991 nisi
1064 2954 1282 3000 quibusdam
1310 2953 1399 2990 loeis
1428 2953 1467 2989 in
1495 2953 1671 2990 sectiones
1697 2952 1816 2989 divisa
1842 2942 1947 2994 sint}
1979 2953 2018 2988 et

380 3010 435 3045 hae
464 3021 605 3055 quoque
634 3012 817 3048 interdum
845 3013 920 3050 sint
947 3011 1146 3059 longiores,
1176 3022 1258 3058 ego,
1287 3010 1351 3047 ubi
1379 3010 1562 3046 difficilius
1597 2999 1790 3047 videbatur
1818 3019 1892 3045 esso
1921 3008 2018 3045 100oe

380 3065 513 3102 allatos
540 3067 719 3110 invenire,
749 3069 902 3115 apposui
931 3069 1076 3116 paginae
1104 3078 1247 3114 quoque
1277 3069 1316 3104 et
1344 3067 1449 3104 lineae
1476 3077 1644 3104 numeros
1671 3077 1716 3103 ex
1735 3065 1823 3103 edit.
1845 3065 2015 3102 Daremb.

445 3120 471 3167 ¹)
499 3123 551 3158 De
581 3122 684 3161 Orat.
718 3126 752 3168 l,
787 3126 851 3169 14.
883 3126 949 3162 62.
