2106 3658
381 373 431 410 44
1050 368 1089 408 0.
1120 373 1163 409 A.
1194 370 1340 409 Brolen.

488 484 615 528 Cum.
672 488 716 527 In
749 485 932 526 addenda
959 485 1183 527 conditione
1218 484 1356 527 Celsus
1389 498 1494 539 σερε
1530 486 1656 528 utitur
1696 486 1893 528 locutione
1933 500 2023 528 cum

379 566 422 594 eo
463 553 717 605 sequentibus
761 551 961 603 particulis
1003 551 1134 607 quod,
1176 557 1237 600 ut,
1281 565 1341 592 ne.
1397 553 1463 592 Ita.
1497 552 1648 593 locutos
1684 565 1768 594 esse
1796 553 1954 594 Livium
1982 559 2022 594 et

379 619 587 670 scriptores
609 617 832 669 posterioris
854 617 1006 666 oetatis,
1035 617 1225 671 imprimis
1246 623 1378 659 autem
1399 617 1577 667 Celsum,
1597 618 1728 659 Hand.
1745 623 1883 659 auctor
1898 626 1960 659 est.
1971 618 2024 672 1);

380 684 579 725 Ciceronis
609 696 725 723 unum
758 689 895 723 exstat
923 684 1143 736 exemplum
1173 683 1263 725 Att.
1293 683 1331 732 6,
1364 684 1400 733 1,
1427 680 1454 725 ⁷
1482 697 1570 724 cum
1589 697 1632 725 eo
1650 684 1767 739 quod.
1797 684 1899 725 Cels.
1920 685 2024 733 Vll,

378 747 430 788 27
460 763 495 801 p.
525 749 606 788 314
634 757 730 788 extr.
761 747 844 789 Sub
873 748 1019 804 quibus
1044 748 1248 805 perveniri
1275 748 1330 789 ad
1356 749 1563 790 sanitatem
1587 756 1731 806 potest,
1767 764 1854 790 cum
1891 764 1934 792 eo
1961 756 2022 790 ta-

378 829 465 854 men
492 814 597 867 quod
623 827 702 854 non
731 814 973 868 iyvzoremus,
993 821 1078 856 orto
1095 829 1236 856 canoro
1258 828 1359 870 soepe
1377 814 1490 871 affici
1507 815 1760 858 stomachum.
1779 838 1832 846 -·
1851 813 1949 856 Cum
1968 829 2023 865 eo,

379 887 419 919 ιιι
447 880 642 918 invenitur
670 880 732 927 11,
767 880 808 919 ll
844 881 907 921 fin.
951 894 1041 921 cum
1068 894 1111 922 eo
1139 887 1269 921 tamen
1297 877 1341 921 ul
1367 882 1549 922 sciamus.
1592 882 1676 930 ΙΙΙ,
1704 881 1731 922 5
1760 882 1825 922 fin.
1856 882 1940 929 ΙΙΙ,
1967 883 2022 923 22

379 959 414 997 p.
447 946 534 992 111,
570 945 629 985 14.
659 946 743 993 111,
772 946 826 986 24
853 947 920 987 fin.
950 947 1024 995 IV,
1058 948 1106 988 13
1135 960 1174 1000 p.
1208 946 1297 996 139,
1326 946 1363 987 5.
1402 947 1486 996 VI,
1514 948 1541 988 2
1568 948 1634 988 fin.
1673 948 1777 996 VII,
1805 949 1832 988 2
1861 961 1898 1000 p.
1927 946 2021 995 265,

383 1011 442 1051 14.
471 1008 570 1050 Cum
599 1024 660 1059 eo,
690 1025 738 1052 ne
767 1013 807 1061 Ι,
836 1012 862 1052 3
891 1025 929 1065 p.
965 1011 1026 1061 19,
1059 1013 1108 1053 18
1136 1026 1226 1053 cum
1253 1027 1296 1054 eo
1325 1019 1475 1062 tamen,
1508 1027 1558 1054 ne
1585 1014 1695 1068 quis,
1737 1013 1806 1068 qui
1834 1012 1962 1055 valere
1988 1019 2024 1054 et

376 1089 571 1117 senescere
602 1076 714 1126 volet,
748 1077 819 1119 Ιιοσ
847 1078 1122 1132 quotidianum
1150 1077 1301 1120 habeat.
1343 1079 1405 1127 ΙΙ,
1439 1075 1488 1120 17
1517 1093 1554 1132 p.
1583 1081 1648 1128 62,
1677 1079 1741 1120 33.
1785 1079 1887 1127 VII,
1915 1076 1955 1128 7,
1984 1075 2022 1120 7.

377 1143 479 1190 Vll,
509 1144 562 1182 22
591 1143 644 1183 in.

484 1206 564 1247 Ex
593 1221 668 1248 non
698 1210 822 1250 solum
854 1210 902 1249 de
930 1209 1096 1251 materia
1124 1217 1348 1262 usurpatur,
1385 1211 1488 1252 unde
1516 1211 1661 1264 aliquid
1691 1211 1912 1252 confectum
1941 1217 2021 1259 est,

376 1274 481 1315 velut
505 1275 626 1328 panis
654 1288 702 1315 ex
731 1274 861 1324 milio,
891 1289 940 1317 ex
957 1277 1167 1333 frumento
1189 1277 1300 1332 potio
1328 1278 1436 1327 sinn,
1465 1278 1533 1317 sed
1562 1278 1681 1318 etiam
1713 1277 1760 1316 de
1789 1290 1837 1318 ea
1865 1290 1907 1317 re
1923 1277 2021 1318 dici-

375 1347 452 1388 tur,
494 1354 659 1393 quacum
703 1343 957 1382 commixtum
1000 1343 1062 1382 vel
1097 1343 1344 1395 conjunctum
1374 1343 1529 1396 aliquod
1559 1343 1880 1384 medicamentum
1909 1342 2022 1395 aegris

375 1407 504 1446 datur.
562 1407 638 1447 Hic
677 1421 768 1448 usus
798 1414 841 1448 ut
872 1408 1106 1449 medicorum
1138 1410 1317 1462 proprius
1346 1417 1405 1450 est
1421 1406 1484 1464 ²),
1527 1410 1586 1449 ita
1615 1409 1718 1461 apud
1749 1409 1907 1450 Celsum
1938 1410 2020 1448 fre-

374 1473 627 1524 quentissime
656 1474 843 1515 occurrit:
873 1474 935 1522 ΙῙ,
963 1471 1016 1515 27
1043 1475 1317 1530 praecipueque
1344 1482 1495 1516 acetum
1522 1475 1785 1530 (resviyerat),
1815 1474 1896 1515 eive
1914 1473 2022 1514 cibus

374 1553 422 1579 ex
450 1552 493 1579 eo
521 1539 601 1579 sive
626 1541 734 1593 potio
763 1540 979 1580 assumitur
988 1555 1004 1590 ‚-
1045 1540 1120 1589 IV,
1149 1542 1175 1580 2
1203 1554 1241 1593 p.
1277 1541 1352 1582 124
1381 1542 1480 1582 med.
1515 1555 1621 1596 aqua
1649 1539 1781 1581 calida
1809 1539 1868 1582 vel
1894 1539 2021 1589 salsa,

373 1603 431 1645 vel
458 1618 507 1645 ex
535 1603 650 1645 lauro
678 1606 853 1654 daem-ta,-
895 1612 936 1646 ει
963 1607 1003 1647 in
1032 1606 1180 1647 talibus
1210 1607 1490 1656 locutionibus,
1534 1607 1670 1660 quales
1704 1612 1806 1647 sune
1820 1606 1944 1662 panis
1973 1619 2021 1647 ex

372 1671 483 1718 vino,
508 1671 631 1726 panis
659 1685 708 1712 επ
736 1686 843 1726 aqua
860 1670 1046 1726 jriyida,
1073 1678 1225 1714 acetum
1253 1686 1302 1714 ex
1329 1672 1462 1722 scilla,
1485 1687 1658 1728 porrum
1677 1686 1726 1713 ex
1744 1678 1871 1721 aceto,
1899 1685 2021 1727 aspa-

372 1751 495 1792 rayus
524 1751 572 1778 ex
600 1737 735 1793 sinapi
764 1745 837 1778 cet.

481 1803 513 1842 I
516 1810 632 1844 nter.
689 1803 803 1845 Inter
830 1802 967 1853 initia,
996 1803 1099 1846 inter
1120 1805 1328 1861 principia
1357 1812 1402 1846 ut
1430 1806 1534 1859 apud
1563 1805 1665 1846 Plin.
1694 1803 1787 1855 maj,
1815 1810 1856 1844 et
1875 1804 2018 1845 Sueto-

374 1870 497 1917 nium,
541 1870 598 1910 ita
641 1871 743 1922 apud
786 1870 944 1911 Celsum
991 1871 1300 1923 frequentissime
1329 1878 1538 1913 occurrunt
1553 1871 1606 1926 ³).
1665 1871 1779 1923 Saepe
1810 1870 2020 1922 apponitur

372 1937 564 1988 particula
587 1936 772 1990 protinus
801 1936 882 1992 (cfr
909 1949 995 1990 quae
1023 1937 1071 1977 de
1100 1937 1175 1978 hae
1203 1943 1304 1990 part.
1334 1951 1454 1990 supra
1482 1934 1705 1991 annotavi).
1727 1959 1778 1966 -——
1797 1935 1909 1976 Inter
1927 1934 2020 1984 hoec,

371 2002 473 2042 inter
514 2015 602 2056 qaoe
644 2015 712 2054 pro
755 2001 922 2051 interea,
965 2003 1066 2056 quod
1100 2009 1304 2044 auctorum
1335 2010 1532 2055 augusteae
1561 2003 1692 2044 aetatis
1719 2015 1804 2042 esse
1834 2002 2019 2042 Handius

372 2068 468 2108 dicit
484 2070 542 2122 ⁴),
573 2068 674 2120 apud
706 2068 863 2108 Celsum
893 2081 983 2109 raro
1012 2069 1278 2117 inveniuntur,
1309 2070 1417 2110 velut.
1445 2069 1568 2118 VIII,
1601 2069 1651 2109 10
1679 2082 1716 2122 p.
1736 2068 1830 2116 351,
1851 2068 1904 2108 25
1919 2067 2020 2108 inter

371 2133 471 2183 Itoec,
500 2135 574 2182 1V,
603 2134 628 2174 5
659 2148 694 2186 p.
730 2133 822 2182 126,
851 2135 904 2175 22
932 2134 1035 2175 inter
1063 2148 1161 2190 quoe.

480 2199 627 2240 Intra
656 2213 733 2240 non
762 2201 887 2240 solum
917 2201 966 2240 de
996 2201 1080 2241 loeo
1109 2207 1150 2242 et
1176 2202 1225 2242 de
1254 2208 1429 2253 tempore
1459 2201 1615 2250 dieitur,
1643 2201 1711 2241 sed
1741 2200 1860 2240 etiam
1886 2205 2019 2241 trans-

373 2267 454 2307 lata
484 2267 643 2307 notione
673 2267 723 2306 ad
753 2267 908 2306 modum
939 2267 1001 2306 vel
1029 2267 1144 2307 finem
1175 2267 1472 2320 significandum
1494 2281 1580 2309 cnm
1603 2267 1751 2308 talibus
1771 2266 1901 2306 verbis
1921 2278 2018 2307 con-

366 2333 563 2384 jungitur,
608 2346 692 2385 quae
722 2333 868 2372 nullam
898 2332 987 2384 ipsa
1014 2333 1189 2374 habeant
1216 2334 1290 2374 loci
1320 2333 1381 2374 vel
1410 2334 1498 2374 finis
1526 2333 1850 2387 significationem
1893 2330 2016 2387 (apud

371 2399 594 2439 Ciceronem
625 2399 768 2439 dieitur
795 2398 903 2439 incra
930 2397 1071 2453 leyem,
1099 2399 1207 2440 inm
1235 2399 1415 2448 modum,
1449 2401 1553 2454 apud
1582 2400 1739 2440 Livium
1768 2397 1876 2438 intra
1892 2396 2019 2452 finem

369 2464 434 2504 sui
452 2464 593 2519 juris).
651 2465 717 2505 Ita
747 2465 865 2505 locuti
896 2470 990 2506 sunt
1017 2465 1173 2512 Quint„
1201 2466 1303 2506 Plin.
1335 2466 1443 2514 min„
1473 2466 1719 2519 posteriores.
1774 2463 1895 2516 Apud
1923 2463 2017 2504 001-

371 2544 455 2570 sum
487 2543 562 2570 non
594 2543 701 2571 raro:
738 2531 757 2572 1
787 2543 956 2583 prooem.
985 2544 1024 2584 p.
1058 2532 1120 2579 11,
1149 2528 1175 2572 ’Τ
1203 2531 1401 2572 medicina
1428 2532 1536 2573 intra
1563 2546 1682 2573 usum
1709 2535 1776 2572 eet.
1818 2529 1894 2577 ΙΙΙ,
1922 2527 1949 2570 9
1976 2526 2017 2580 p.

370 2595 434 2643 91,
466 2597 517 2637 14
558 2597 665 2637 intra
693 2596 773 2637 lzoeo
810 2596 937 2637 omnis
970 2596 1053 2652 ejus
1079 2597 1276 2638 medicina
1303 2603 1399 2639 erat.
1428 2599 1524 2646 111„
1542 2598 1593 2639 15
1620 2598 1686 2638 fin.
1715 2596 1824 2637 intra
1850 2593 2018 2650 quietem

369 2668 404 2704 et
445 2662 670 2704 unctionem
710 2668 746 2703 et
786 2661 916 2703 cibum
957 2662 1173 2704 sistendum
1213 2669 1282 2704 est.
1323 2664 1404 2711 III,
1436 2663 1486 2704 18
1514 2677 1552 2716 p.
1582 2663 1649 2712 98,
1677 2662 1731 2703 25
1759 2666 1801 2702 et
1827 2660 1882 2700 30
1907 2659 2017 2700 intra

369 2728 486 2769 verba
513 2728 727 2784 desipiunt.
758 2729 840 2777 ΙΙΙ,
869 2728 923 2769 24
950 2729 1017 2770 fin.
1045 2729 1155 2770 intra
1181 2742 1329 2784 aquam
1355 2742 1525 2771 manere.
1555 2730 1630 2779 IV,
1662 2729 1719 2769 13-
1740 2726 1793 2767 in.
1813 2726 1921 2767 intra
1942 2725 2017 2766 do-

368 2793 500 2836 lorem.
530 2795 583 2844 V,
614 2792 667 2836 1⁷
693 2795 746 2836 in.
789 2795 898 2836 imbra
927 2808 1082 2851 paucas
1116 2794 1425 2851 compositiones.
1460 2818 1513 2826 ——
1549 2795 1668 2838 Intra
1707 2791 1886 2836 adverbii
1930 2790 2015 2832 loeo

433 2913 458 2960 ¹)
489 2915 524 2950 S.
557 2929 590 2952 v.
623 2929 701 2951 cum
730 2927 816 2963 pag.
852 2917 944 2953 166.

426 2969 458 3016 ²)
488 2972 607 3008 Hand.
638 2986 666 3009 s.
699 2986 733 3009 v.
764 2985 850 3020 pag.
883 2975 976 3011 633.

427 3026 459 3073 ³)
488 3029 597 3065 Hand
626 3042 654 3065 s.
686 3043 721 3066 v.
751 3041 839 3076 pag.
873 3031 967 3067 402.

427 3083 458 3129 ⁴)
488 3085 523 3120 S.
556 3099 589 3122 v.
622 3099 707 3133 pag.
741 3088 834 3123 406.
