2106 3658
462 372 512 407 20
1140 363 1179 400 C.
1209 363 1253 399 A.
1282 362 1425 399 Brolen.

460 498 492 525 s.
522 494 558 523 ν.
588 480 714 522 nescio
756 492 823 520 cur
864 478 936 519 hoc
977 477 1138 518 verbum
1179 477 1228 518 de
1271 475 1406 517 morbo
1449 475 1486 517 h.
1515 475 1542 517 l.
1572 475 1751 529 usurpari
1779 482 1901 530 putet.
1955 478 2091 532 Neque

463 554 606 602 praeter
635 547 735 586 hunc
764 545 890 584 locum
919 542 1039 583 ullum
1067 542 1182 594 hujus
1202 541 1496 594 significationis
1516 542 1736 595 exemplum
1756 543 1933 584 afferunt
1951 543 2091 585 lexica.

570 611 744 653 Porcio
772 610 875 662 apud
904 614 1053 649 veteres
1082 608 1157 649 nisi
1186 608 1225 648 in
1255 608 1450 649 locutione
1472 620 1551 662 pro
1571 608 1754 662 portione
1782 621 1858 649 non
1886 616 1959 652 est.
1996 609 2092 651 Cel-

461 692 530 719 sus
571 677 780 730 saepissime
824 680 868 715 ut
903 686 984 726 arg.
1013 674 1144 715 aetatis
1173 674 1384 727 scriptores
1413 673 1515 715 hanc
1542 686 1675 714 vocem
1704 674 1838 726 posuit
1862 687 1934 728 pro
1957 682 2094 731 parte,

463 744 571 785 velut
597 757 709 797 oequa
729 739 932 796 portione,
960 739 1049 780 duoe
1071 739 1273 795 portiones
1301 745 1376 780 cet.

569 807 790 854 Positus,
818 818 895 846 vox
921 805 1022 846 satis
1050 819 1140 847 rara
1167 804 1285 860 (Sall.
1313 805 1387 847 Ov.
1416 803 1554 859 Tam),
1583 805 1689 858 apud
1720 805 1878 847 Celsum
1897 806 2093 848 nonnullis

463 874 578 915 locis:
607 875 625 914 Ι
654 885 822 925 prooem.
852 884 891 924 p.
921 870 960 919 5,
987 872 1035 919 2,
1077 872 1144 912 ubi
1187 877 1278 912 ante
1319 872 1491 923 Targam
1526 871 1712 924 scriptum
1750 877 1836 913 erat
1856 872 2094 927 posituram.

463 942 520 981 lb.
549 953 585 993 p.
613 939 652 986 8,
681 939 719 978 4.
753 938 813 978 lb.
842 950 880 990 p.
913 938 976 986 12,
1005 934 1070 978 37.
1101 938 1155 986 V,
1182 936 1250 986 26,
1278 933 1317 979 7.
1348 937 1474 984 VIII,
1506 938 1526 978 l
1556 937 1609 978 in.

568 1003 816 1052 Potentia,
846 1017 922 1056 qua
949 1016 1044 1044 voce
1073 1004 1121 1044 de
1150 1004 1266 1044 rebus
1296 1009 1460 1044 utuntur
1488 1008 1615 1056 poetae
1642 1009 1684 1044 et
1710 1003 1936 1056 posterioris
1963 1004 2094 1046 aetutis

462 1071 690 1123 scriptores,
732 1070 835 1122 apud
864 1069 1022 1110 Celsum
1050 1069 1152 1118 VII,
1180 1066 1219 1118 7,
1253 1069 1302 1110 14
1329 1069 1384 1110 in.
1413 1069 1462 1110 de
1491 1069 1597 1117 visu,
1639 1069 1723 1117 III,
1750 1069 1778 1109 4
1806 1082 1843 1122 p.
1871 1069 1939 1120 80,
1965 1070 2019 1111 30
2046 1070 2095 1112 de

465 1137 501 1176 vi
530 1149 645 1189 quam
675 1136 714 1175 in
745 1136 917 1176 febribus
947 1135 1030 1175 dies
1058 1135 1154 1176 certi
1184 1135 1397 1176 habebant.
1454 1135 1524 1176 cfr
1550 1148 1670 1188 supra
1695 1133 1880 1188 facultas.

568 1200 795 1257 Proeceps
823 1214 892 1254 pro
914 1199 1137 1256 periculoso
1165 1201 1268 1250 VII,
1295 1200 1362 1250 26,
1390 1201 1416 1240 2
1444 1201 1496 1241 in.
1525 1200 1581 1242 ad
1608 1214 1730 1256 quam
1755 1201 1946 1255 festinare
1972 1214 2098 1256 quum

457 1281 633 1323 proeeeps
661 1267 734 1316 sit5
761 1273 801 1307 et
828 1267 953 1308 subst.
982 1266 1026 1307 in
1046 1266 1250 1322 praeeipiti
1276 1268 1336 1316 II,
1365 1266 1391 1308 6
1419 1280 1458 1320 p.
1488 1267 1541 1308 38
1569 1267 1622 1308 in.
1653 1268 1707 1316 V,
1736 1266 1802 1315 26,
1830 1267 1867 1308 3.
1897 1267 1966 1309 cfr
1985 1280 2098 1322 proe-

462 1347 549 1388 ceps
561 1332 785 1388 periculum
805 1335 867 1382 II,
891 1334 937 1374 11
955 1333 1022 1374 fin.
1049 1334 1127 1382 ΙΙΙ,
1146 1333 1197 1374 18
1211 1347 1249 1386 p.
1268 1333 1334 1382 99,
1354 1333 1422 1374 22.
1450 1334 1515 1374 Ita
1534 1332 1670 1374 Livius
1689 1345 1839 1386 quoque
1859 1333 2010 1374 locutus
2023 1339 2096 1374 est.

569 1397 912 1453 Proefriyidus
953 1398 1112 1454 (Ovid.,
1147 1399 1384 1452 posteriores
1413 1398 1570 1453 script.)
1605 1399 1664 1448 11,
1697 1399 1751 1439 30
1786 1399 1851 1440 fin.
1892 1412 1998 1454 aqua
2038 1396 2099 1440 vel

460 1464 592 1519 tepida
634 1463 693 1505 vel
730 1464 986 1521 praefriyida.
1028 1465 1069 1514 I,
1105 1465 1131 1505 3
1159 1478 1196 1518 p.
1229 1465 1302 1515 18,
1334 1466 1399 1506 21.
1442 1466 1517 1514 IV,
1548 1465 1597 1505 12
1626 1478 1664 1518 p.
1697 1463 1786 1514 136,
1812 1464 1879 1507 26.
1934 1464 2098 1506 Duobus

460 1536 592 1571 tamen
623 1530 731 1579 locis,
760 1544 859 1584 quos
902 1530 1078 1584 proxime
1118 1530 1248 1580 attuli,
1289 1531 1393 1584 apud
1421 1531 1591 1583 Targam
1621 1538 1662 1572 et
1689 1530 1793 1572 Ritt.
1820 1530 2008 1584 scriptum
2035 1535 2100 1571 est

455 1595 718 1652 perfriyidus.

567 1661 849 1704 Praevalere
877 1662 981 1712 VII,
1010 1661 1075 1712 26,
1103 1663 1129 1703 2
1148 1675 1184 1716 p.
1205 1662 1298 1712 308,
1316 1663 1342 1704 3
1370 1662 1483 1704 homo
1505 1661 1740 1719 proevalens.
1795 1662 2006 1716 Argenteus
2034 1667 2098 1703 aet.

459 1727 592 1781 script.
624 1729 698 1769 hoc
726 1730 843 1770 verbo
871 1742 976 1782 saepe
1004 1734 1178 1771 utuntur.
1234 1730 1490 1782 Participium
1526 1730 1630 1782 apud
1659 1729 1814 1770 Livium
1844 1741 1995 1782 quoque
2023 1734 2098 1770 est.

566 1793 879 1843 Proevem're,
917 1808 1004 1848 quae
1032 1808 1111 1836 vox
1139 1796 1243 1849 apud
1272 1796 1505 1838 Sallustium
1534 1809 1612 1836 uno
1641 1796 1727 1837 loco
1755 1801 1888 1836 exstat
1914 1795 2005 1848 Jug.
2031 1790 2100 1843 71,

459 1859 484 1899 5
502 1857 560 1915 ¹),
602 1862 709 1914 apud
736 1861 892 1902 Livium
921 1867 962 1902 et
988 1861 1222 1915 posteriores
1250 1875 1355 1915 saepe
1384 1861 1588 1915 reperitur,
1623 1862 1760 1904 Celsus
1789 1861 1911 1903 habet
1937 1861 2018 1910 ΙΙΙ,
2047 1859 2099 1902 15

460 1926 511 1966 iu.
540 1925 675 1968 balneo
693 1927 837 1984 friqus
859 1928 1092 1982 praevenire.

568 1991 828 2047 Profectus
869 1993 973 2046 apud
1016 1993 1174 2035 Celsum
1218 1998 1279 2034 est
1319 1994 1402 2043 ΙΙΙ,
1434 1994 1454 2034 1
1484 1993 1550 2034 fin.
1580 1993 1676 2048 quia
1697 1991 1903 2048 profect-us
1930 1999 2100 2048 tempore

459 2056 648 2111 expletur.
693 2060 774 2100 VII
803 2072 971 2112 prooem.
999 2060 1053 2100 in.
1083 2060 1232 2101 duobus
1262 2060 1368 2101 locis.
1425 2061 1514 2100 Hac
1551 2072 1644 2100 voce
1676 2065 1804 2111 poetae
1840 2065 1882 2101 et
1907 2064 2100 2112 argenteae

460 2129 523 2164 aet.
552 2124 685 2177 script.
715 2131 896 2174 utuntur,
938 2138 1028 2166 nam
1057 2125 1144 2168 Liv.
1177 2127 1214 2174 1,
1247 2125 1309 2175 15,
1336 2122 1362 2167 7
1390 2125 1430 2166 iu
1473 2125 1643 2166 editione
1683 2125 1872 2178 Madvigii
1913 2125 2100 2178 scriptum

461 2195 522 2229 est
545 2190 723 2244 profecto
750 2203 820 2244 pro
842 2189 1038 2246 profectu.

568 2254 850 2312 Professor.
883 2258 905 2298 I
931 2269 1104 2310 prooem.
1133 2270 1223 2311 pag.
1253 2257 1292 2307 5,
1321 2258 1376 2299 24
1402 2256 1605 2312 sapientiae
1627 2255 1884 2312 professores.
1926 2258 1987 2299 lb.
2006 2269 2045 2311 p.
2058 2257 2100 2306 2,

466 2321 527 2362 ll.
557 2321 617 2364 Ib.
638 2335 676 2375 p.
697 2323 737 2372 8,
755 2324 821 2364 21.
852 2323 916 2371 ΙΙ,
944 2323 971 2364 6
998 2337 1036 2377 p.
1066 2323 1133 2373 38,
1166 2319 1227 2365 17.
1271 2325 1355 2366 VII
1382 2336 1553 2377 prooem.
1583 2337 1622 2376 p.
1650 2323 1744 2372 262,
1768 2324 1821 2364 20
1844 2329 2102 2378 posteaquam

462 2386 557 2437 (hoec
587 2401 687 2443 pars
714 2389 934 2442 medicinoe)
962 2388 1103 2432 habere
1131 2404 1222 2432 suos
1244 2390 1492 2446 professores
1520 2390 1656 2446 coepit.
1685 2390 1812 2438 VIII,
1830 2389 1858 2431 4
1877 2403 1914 2443 p.
1933 2389 2015 2431 333
2033 2388 2099 2429 fin.

463 2453 578 2502 VIII,
605 2454 644 2503 8,
677 2455 694 2495 1
726 2455 780 2496 in.
837 2456 1058 2509 Scriptores
1086 2462 1180 2510 post
1207 2456 1429 2510 Augustum
1458 2456 1562 2497 hanc
1589 2469 1725 2498 vocem
1753 2461 1956 2509 usurpant.

569 2518 803 2562 Promere
830 2535 880 2564 se
907 2521 932 2562 i.
961 2535 997 2563 a.
1026 2534 1068 2563 se
1097 2523 1301 2564 ostendere
1329 2523 1391 2572 II,
1420 2521 1447 2564 6
1475 2536 1512 2576 p.
1541 2518 1609 2571 37,
1643 2522 1691 2564 19
1730 2521 1797 2563 eui
1829 2520 2016 2577 protinus
2054 2519 2100 2562 in

462 2585 606 2626 recenti
633 2586 766 2628 morbo
793 2586 884 2629 bilis
911 2592 1002 2628 atra
1028 2587 1088 2630 vel
1115 2587 1227 2644 infra
1255 2587 1313 2630 vel
1339 2602 1465 2644 supra
1491 2601 1531 2629 se
1558 2587 1747 2638 ostendit,
1780 2587 1888 2629 cuive
1915 2585 2099 2629 altorum

461 2650 577 2692 modo
604 2664 644 2693 se
667 2654 879 2708 prompsit.
907 2653 1018 2707 Virg.
1034 2653 1147 2709 (AEn.
1167 2656 1207 2705 2,
1230 2654 1327 2697 260:
1354 2654 1507 2711 loetique
1533 2668 1626 2697 cavo
1652 2667 1693 2696 se
1719 2653 1857 2696 robore
1877 2654 2100 2710 promunt).

462 2716 612 2758 Colum.
641 2718 743 2760 hunc
770 2733 884 2761 usum
913 2719 1076 2761 habent.

567 2782 832 2840 Promptus
860 2798 948 2828 cum
975 2785 1020 2827 in
1047 2786 1306 2840 conjungitur,
1334 2791 1379 2829 ut
1405 2787 1533 2828 solent
1559 2785 1794 2841 posteriores
1821 2785 2049 2840 scriptorem
2072 2783 2098 2826 1

464 2861 630 2900 prooem.
659 2850 711 2891 in.
740 2850 881 2893 herbas
908 2850 1065 2908 aliaque
1085 2859 1276 2909 prompta
1289 2853 1333 2894 in
1347 2852 1545 2895 auxilium
1562 2851 1770 2894 vulnerum
1786 2851 2096 2907 morborumque.

464 2914 563 2955 Cum
590 2915 644 2956 ad
673 2922 848 2959 veterum
876 2931 982 2962 more
1011 2919 1260 2973 conjungitur
1286 2920 1370 2970 111,
1398 2920 1453 2962 20
1481 2920 1534 2961 iu.
1557 2924 1752 2975 prompta
1777 2917 1832 2960 od
1851 2929 2098 2961 omnemn-

463 2979 619 3022 daciam
647 2995 754 3023 mens
781 2989 848 3025 est.

527 3118 553 3167 ¹)
583 3115 759 3170 Ostling.,
789 3125 843 3162 1.1.
873 3137 960 3174 pag.
990 3128 1056 3165 46.
