2106 3658
379 368 424 403 12
1047 359 1086 397 C.
1116 359 1160 396 A.
1192 359 1336 396 Brolen.

373 476 649 520 consuetudine
693 483 734 516 et
777 474 988 527 praesertim
1025 486 1050 514 a
1079 472 1276 514 Ciceronis
1305 478 1346 514 et.
1373 472 1542 514 Caesaris
1569 474 1744 515 nonnihil
1781 474 2010 516 discessisse

375 545 563 584 videatur·
621 540 721 587 Quae
750 541 871 580 verba
900 539 1120 580 litterarum
1149 539 1322 579 ordinem
1350 545 1508 580 secutus
1537 539 1710 581 afferam.

480 607 671 648 Acuere
700 607 738 646 in
770 605 928 658 passiva
957 606 1082 645 forma
1109 604 1158 644 de
1187 604 1333 646 morbis
1362 610 1574 657 usurpatur
1602 605 1666 654 11,
1693 605 1721 646 8
1740 606 1793 647 in.
1822 605 1893 646 Ex
1911 619 2010 660 sup-

365 671 645 729 purationibus
673 686 761 712 vero
789 684 842 711 eae
869 668 1086 711 tolerabiles
1113 676 1222 718 sunt,
1250 684 1337 725 quoe
1365 669 1409 711 in
1437 670 1668 712 emerim-em
1688 678 1848 726 partem
1858 671 2009 728 serun-

370 747 436 779 tur
463 745 498 779 ec
523 743 727 778 acuuntur.
784 736 933 777 Aeacus
961 736 1020 776 its.
1048 735 1276 788 saepissime.
1331 736 1404 778 Cfr
1430 736 1528 777 Hor.
1555 744 1635 778 sat.
1654 738 1692 786 2,
1711 737 1864 787 3‚163.
1893 738 2009 791 epist.

377 806 409 852 l,
436 804 474 851 6,
503 803 568 843 28.

477 868 740 923 Aduryere
768 880 844 908 uno
872 867 958 908 loco
987 872 1050 908 est
1077 868 1182 916 VII,
1204 868 1268 916 12,
1292 868 1309 907 l
1335 868 1399 908 fin.
1429 866 1548 923 (Hor.
1562 881 1683 910 carm.
1702 869 1738 917 1,
1753 866 1818 917 37,
1837 868 1887 911 16
1901 868 2010 924 sqq.)

475 934 712 990 Affectus
754 946 859 985 saepe
901 933 1045 974 dicitur
1071 934 1120 974 de
1150 933 1323 985 corporis
1353 935 1487 974 inorbo
1517 934 1576 974 vel
1604 940 1713 975 statu
1742 935 1872 975 minus
1901 948 2011 976 com-

370 1001 502 1047 modo,
545 1001 653 1040 velut
681 1001 721 1047 I,
750 999 776 1040 9
804 1000 856 1040 in.
885 998 1096 1047 concoctio,
1137 999 1238 1040 sicut
1277 999 1321 1039 in
1353 998 1535 1040 omnibus
1569 1001 1747 1055 corporis
1777 999 2010 1057 affectibus,

369 1066 585 1106 necessaria
613 1072 679 1105 esc.
736 1066 798 1113 11,
830 1065 850 1105 1
882 1078 920 1117 p.
949 1065 1023 1113 29,
1052 1066 1105 1106 22
1133 1063 1262 1106 Ceteri
1290 1065 1394 1106 venti
1421 1078 1498 1120 quo
1525 1065 1616 1107 huic
1651 1064 1710 1106 vel
1751 1065 1814 1106 illi
1841 1068 2010 1121 propio-

369 1145 430 1172 res
457 1137 564 1179 sunt,
593 1145 636 1172 eo
665 1132 791 1185 maqis
819 1130 968 1171 vicinos
995 1130 1057 1171 his
1084 1130 1210 1172 illisve
1237 1131 1410 1188 affectus
1435 1131 1611 1188 faciunt.
1668 1133 1818 1173 Praeter
1853 1132 2008 1173 Celsum

369 1209 478 1237 nemo
506 1197 685 1250 scriptor,
715 1198 748 1237 si
778 1196 914 1237 lexicis
943 1197 1180 1238 credendum
1210 1203 1292 1246 est,
1334 1197 1408 1238 hoc
1436 1197 1597 1238 verbum
1627 1198 1676 1238 de
1705 1210 1866 1250 corpore
1894 1211 2010 1239 usur-

367 1263 488 1315 pavit.
1587 1277 1590 1281 ’

474 1328 655 1369 Amare
697 1329 849 1370 duobus
892 1329 988 1370 locis
1022 1330 1198 1382 subjecto
1227 1342 1307 1369 rem
1337 1329 1575 1382 significanti
1602 1330 1836 1382 apponitur:
1865 1330 1928 1378 ΙΙ,
1960 1329 2010 1371 14

367 1407 404 1446 p.
433 1394 500 1441 59,
528 1395 578 1435 21
611 1395 733 1436 Amat
760 1402 892 1436 autem
918 1394 989 1436 lzoc
1016 1393 1215 1436 aza-‘cilium
1242 1393 1420 1436 valetudo
1449 1394 1577 1449 lonqa.
1612 1395 1698 1444 111,
1727 1396 1777 1437 21
1808 1397 1875 1437 fin.
1904 1394 2010 1437 Bal-

365 1474 480 1501 neum
507 1474 647 1501 rarum
675 1475 738 1503 res
766 1467 886 1502 amat.
942 1462 1007 1502 Ita
1034 1461 1154 1502 locuti
1182 1467 1274 1502 sunt
1301 1461 1419 1510 Sall„
1448 1470 1593 1514 poetae,
1623 1462 1871 1514 posteriores.

473 1526 733 1576 Amce-ior,
776 1540 856 1580 qua.
883 1540 976 1568 voce
1007 1527 1068 1567 usi
1096 1533 1190 1568 sunt
1219 1527 1362 1568 infimae
1390 1528 1519 1568 aetatis
1548 1528 1777 1579 scriptores,
1815 1541 1892 1569 uno
1922 1528 2007 1569 loco

364 1597 424 1631 est
453 1593 575 1640 VIII,
604 1591 643 1641 9,
673 1595 719 1633 2:
749 1599 791 1632 ut
819 1591 931 1634 homo
959 1593 1004 1633 in
1030 1594 1266 1634 anteriorem
1287 1599 1447 1647 partem
1474 1592 1638 1635 subinde
1664 1594 1826 1635 nicatur.

473 1658 700 1713 Aspredo
721 1659 772 1706 V,
791 1657 858 1708 28,
878 1660 904 1699 2
925 1673 962 1712 p.
983 1658 1076 1707 206,
1097 1656 1162 1707 27,
1191 1659 1460 1713 aspritudo
1487 1672 1592 1712 saepe
1622 1659 1766 1700 dicitur
1794 1672 1864 1713 pro
1891 1673 2009 1715 aspe-

364 1722 500 1771 ritate,
544 1737 629 1776 quae
673 1727 798 1764 forma
827 1738 852 1765 a
880 1725 1078 1767 veteribus
1105 1725 1364 1778 scriptoribus
1393 1732 1582 1779 usurpata
1610 1725 1715 1778 apud
1743 1726 1902 1768 Celsum
1931 1740 2007 1768 uno

364 1789 445 1829 loco
475 1795 556 1830 est:
587 1790 667 1838 VI,
697 1790 736 1839 5,
765 1791 818 1832 in.

471 1854 756 1910 Auca-pium
799 1869 869 1909 pro
911 1869 1028 1897 carne
1057 1857 1188 1898 avium
1218 1864 1421 1910 captarum
1451 1857 1595 1899 dicitur
1622 1870 1700 1898 uno
1728 1858 1833 1900 loco:
1863 1859 1925 1908 11,
1954 1859 2008 1900 26

362 1921 428 1961 fin.
484 1920 661 1962 Minima
689 1921 843 1977 inflatio
858 1922 912 1980 fit
939 1936 989 1964 eze
1016 1923 1236 1972 venatione,
1264 1923 1454 1977 aucupio,
1478 1923 1654 1978 piscibus
1681 1930 1756 1964 cet.

470 1986 633 2036 Aura,
661 2001 747 2041 quae
776 2002 854 2030 vox
881 1995 1085 2042 poetarum
1116 1991 1196 2030 fere
1225 1995 1287 2030 est
1316 2003 1437 2043 neque
1466 2004 1490 2030 a
1510 1990 1697 2031 Cicerone
1717 1990 1791 2031 nisi
1811 1991 2008 2032 translata

362 2052 646 2104 significatione
688 2061 915 2107 usurpatur,
958 2056 1116 2107 propria
1145 2056 1304 2096 notione
1332 2056 1474 2096 dicitur
1502 2057 1542 2104 Ι,
1569 2057 1616 2097 2:
1645 2070 1769 2096 auras
1783 2054 2007 2110 fluminum

362 2124 397 2158 et
423 2125 663 2173 aequorum.
723 2121 911 2161 Krebsius
939 2119 1255 2175 (Antibarbsrus
1283 2135 1315 2162 s.
1346 2119 1406 2176 ν.)
1435 2123 1660 2172 contendit,
1701 2123 1893 2176 pluralem
1930 2136 2006 2164 nu-

363 2196 508 2224 merum
539 2185 654 2237 hujus
683 2186 788 2226 vocis
817 2187 922 2239 spud
949 2193 1088 2239 poetas
1115 2187 1241 2228 solum
1270 2187 1446 2228 inveniri.

471 2250 835 2293 Auricularius
861 2259 1003 2305 praeter
1029 2253 1189 2294 Celsum
1219 2253 1369 2295 habent
1396 2254 1539 2296 infimoe
1565 2254 1698 2296 aetatis
1724 2255 1951 2308 scriptores.

471 2315 646 2358 Cedere
689 2331 758 2370 pro
795 2330 840 2358 eo
869 2319 971 2372 quod
999 2325 1060 2360 est
1087 2320 1193 2372 apud
1223 2319 1451 2361 Ciceronem
1475 2320 1689 2374 procedere
1715 2321 1854 2362 Celsus
1885 2321 2007 2362 hebet

363 2383 553 2423 nonnullis
596 2383 709 2432 locis,
752 2384 860 2424 velut
894 2385 957 2434 II,
988 2382 1039 2426 17
1067 2398 1106 2439 p.
1135 2385 1201 2435 63,
1232 2385 1284 2428 16
1318 2385 1354 2426 si
1374 2386 1523 2441 priora
1549 2393 1650 2428 recte
1677 2392 1883 2428 cesserunt.
1939 2387 2005 2428 Ita

363 2447 461 2488 Sall.
491 2449 591 2501 Nep.
621 2449 708 2490 Liv.
738 2450 985 2503 posteriores.

468 2512 663 2556 Celeber
703 2516 750 2556 de
794 2516 1016 2558 bominibus
1044 2517 1262 2559 ‘Ciceronis
1304 2524 1424 2560 oetate
1467 2531 1545 2560 non
1587 2523 1819 2571 usurpatum
1862 2517 2003 2567 fuisse,

362 2579 504 2621 Krebs.
534 2593 566 2621 s.
596 2594 635 2621 v·
664 2588 802 2623 auctor
828 2588 902 2623 est.
957 2583 1061 2625 Cels.
1090 2595 1260 2636 prooem.
1289 2584 1379 2626 libri
1413 2585 1517 2626 VII:
1559 2582 1747 2639 multique
1786 2582 1859 2624 alia·
1903 2583 2004 2626 cele-

360 2643 447 2686 bres
474 2645 564 2687 viri.
1848 2680 1850 2682 .

467 2710 835 2755 circumcidere
861 2714 1062 2756 translata
1087 2714 1373 2767 significatione
1400 2715 1427 2757 i.
1456 2728 1487 2756 s.
1516 2728 1554 2770 q.
1583 2714 1815 2757 interdicere
1841 2716 1917 2765 IV,
1934 2713 2002 2766 2³7,

365 2777 380 2817 l
414 2790 453 2830 p.
486 2778 575 2827 153,
602 2780 653 2820 21
684 2779 1044 2822 circumcidendum
1070 2781 1207 2822 vinum
1233 2787 1289 2823 est
1315 2781 1361 2822 in
1387 2787 1509 2823 totum
1537 2795 1697 2822 annum.
1752 2781 1828 2830 IV,
1847 2782 1901 2823 32
1918 2782 2001 2823 cir-

360 2845 530 2884 cumcisa
557 2844 666 2886 omni
691 2846 889 2900 neqotioaa
916 2846 1158 2901 coyitacione.
1212 2847 1296 2897 VI,
1325 2846 1352 2889 9
1385 2847 1439 2888 in.
1467 2847 1605 2889 vinum
1633 2860 1682 2889 eat
1718 2852 1795 2888 toto
1829 2847 2001 2889 circum-

360 2908 568 2950 cidendum
596 2917 664 2952 est.

467 2973 867 3032 Circumspeetus
908 2990 978 3031 pro
1007 2978 1199 3033 prudenti
1230 2984 1422 3032 usurpant
1449 2985 1644 3032 argenteas
1671 2978 1802 3020 estatis
1829 2979 2000 3032 scripto-

361 3051 432 3079 res.
488 3041 589 3082 Cels.
619 3043 699 3090 111,
729 3042 754 3083 9
782 3044 848 3084 fin.
890 3043 971 3086 Sed
998 3050 1055 3086 est
1080 3043 1349 3099 circumspecti
1375 3058 1527 3101 quoque
1561 3043 1731 3086 hominis
1771 3050 1808 3086 et
1849 3059 1999 3087 novare

360 3105 554 3146 interdum
582 3113 617 3147 et
645 3122 786 3164 anyer-e
813 3108 1006 3152 morbum.
