2106 3658
536 336 589 370 De
618 335 827 371 elocutione
855 335 901 371 A.
932 334 1093 371 Cornelii
1123 333 1230 370 Celsi.
1690 336 1737 370 15

64 451 252 507 diqerant
293 448 578 505 (qe-stationes).
644 451 727 499 IV,
773 450 824 492 14
859 463 897 504 p.
938 449 1016 491 139
1052 450 1120 490 fin.
1162 448 1200 490 si
1241 445 1339 487 satis
1379 444 1500 497 valet,
1547 448 1741 504 qestando

64 532 219 576 aarum
246 517 444 574 diyerere,
472 518 509 558 si
529 531 706 573 parum,
734 517 845 558 intra
872 518 1038 559 domum
1066 523 1198 558 tamen
1226 514 1441 556 dimovere.

175 585 449 628 Dimovere
485 598 645 639 semper
674 586 781 640 apud
809 586 914 627 Cels.
942 585 969 626 i.
999 598 1030 625 s.
1062 598 1099 639 q.
1129 584 1304 640 ayitare,
1333 594 1452 635 quarn
1481 583 1742 636 significatio·

66 667 154 696 nem
182 653 291 707 apud
321 652 469 693 nullum
500 659 645 706 praeter
674 653 779 694 Cels.
808 653 1043 706 scriptorem
1073 653 1249 693 afferunt
1278 649 1419 690 lexica.
1448 650 1491 700 I,
1520 649 1547 691 6
1575 651 1642 692 fin.
1671 665 1742 693 ne-

64 734 140 778 que
165 719 433 763 ambulatione
462 721 646 776 quamvis
673 719 754 762 leni
781 720 993 761 dimoveri.
1030 720 1069 768 Ι,
1104 719 1155 760 14
1185 733 1223 772 p.
1253 717 1308 758 60
1336 723 1380 758 ut
1406 718 1542 759 minus
1569 732 1672 775 soepe
1699 719 1744 760 in

58 801 189 845 puero
215 786 277 830 vel
303 801 395 829 sene
423 801 546 843 quam
573 788 618 829 in
644 787 784 843 juvene
811 802 957 829 manus
985 786 1234 829 dimovendae
1261 783 1352 826 sint.
1396 785 1483 835 ΙΙΙ,
1512 787 1568 828 22
1587 799 1628 840 p.
1653 787 1743 837 111,

64 855 132 899 27.
187 856 273 905 ΙΙΙ,
302 851 370 904 27,
400 855 438 896 3.
494 855 572 904 IV,
607 856 657 896 14
685 869 723 909 p.
755 854 834 897 139
862 856 931 896 fin.
988 855 1065 904 IV,
1093 855 1143 896 31
1175 867 1214 908 p.
1248 849 1338 901 157,
1371 852 1435 894 14.

172 921 381 966 Durare
422 922 591 964 intrans.
620 923 647 963 i.
678 937 716 964 a.
745 936 926 972 manere,
970 930 1016 964 ut
1058 929 1121 963 est
1161 922 1270 975 apud
1313 920 1403 961 Liv.
1437 921 1474 971 l,
1503 920 1543 971 9,
1578 930 1743 977 poetas,

65 991 301 1045 posteriores
330 991 474 1032 solutae
503 990 695 1031 orationis
723 991 947 1044 scriptores.
1005 991 1070 1039 II,
1101 991 1128 1031 6
1156 990 1211 1030 in.
1241 989 1374 1044 itaque
1402 988 1556 1030 diutius
1583 990 1743 1032 dumne

63 1058 203 1100 mortis
229 1057 354 1100 inde-z·
381 1063 450 1101 est.
509 1057 564 1107 V,
593 1057 662 1108 26,
691 1058 758 1100 26.
814 1058 900 1107 VI,
930 1057 970 1106 6,
1002 1058 1022 1099 1
1055 1071 1092 1110 p.
1123 1058 1217 1106 225,
1251 1057 1318 1096 21.
1376 1055 1462 1106 VI,
1496 1058 1560 1099 12.

174 1123 320 1175 Esus,
350 1139 429 1167 vox
456 1125 558 1167 satis
588 1139 704 1174 rara,
733 1139 852 1180 quam
883 1125 991 1179 apud
1021 1125 1263 1172 Varronem,
1294 1121 1492 1174 Gellium,
1528 1125 1743 1167 Tertullia-

65 1206 158 1235 num
200 1193 371 1235 inveniri
415 1194 593 1234 afferunt
636 1194 784 1242 lexicu,
830 1193 936 1247 apud
980 1191 1139 1234 Celsum
1183 1197 1247 1233 est
1291 1190 1368 1240 IV,
1402 1190 1453 1233 16
1495 1205 1533 1246 p.
1566 1193 1660 1242 142,
1689 1193 1744 1235 28

64 1258 208 1303 Lienis
236 1274 391 1317 quoque
418 1259 587 1302 bubulus
614 1260 767 1303 utiliter
793 1262 879 1302 esui
906 1260 1042 1301 datur.

173 1326 474 1378 Evidentia‚
518 1341 598 1383 qua
640 1341 738 1371 voce
783 1328 923 1370 Cicero
968 1326 1121 1384 (Acad.
1150 1329 1191 1378 2,
1221 1326 1260 1377 6,
1292 1324 1366 1384 17)
1396 1334 1438 1369 et
1467 1326 1743 1374 Quintilianus

64 1401 230 1439 utuntur
248 1396 300 1438 ad
321 1396 644 1451 perspicuitatem
669 1395 860 1438 orationis
884 1396 1212 1450 significandam,
1243 1396 1351 1449 apud
1382 1395 1487 1437 Cels.
1516 1396 1537 1436 Ι
1566 1409 1742 1450 prooem.

63 1477 106 1519 p.
136 1463 201 1514 10,
232 1463 284 1506 13
313 1464 416 1506 idem
448 1470 511 1506 est
538 1471 680 1519 atque:
711 1464 752 1506 id
796 1464 901 1519 quod
932 1477 1069 1505 omnes
1098 1465 1303 1505 evidenter
1331 1463 1597 1517 perspiciunt;
1628 1477 1741 1518 quem

65 1545 180 1574 usum
209 1532 327 1585 hujus
355 1531 468 1574 verbi
497 1545 693 1587 nusquam
723 1532 805 1573 vidi
835 1538 1202 1574 commemoratum.
1240 1531 1441 1584 Scriptum
1465 1538 1528 1573 est
1546 1531 1614 1572 illo
1635 1532 1742 1574 loco:

64 1599 171 1656 quod
211 1599 268 1640 acl
312 1597 613 1642 Erasistratum
648 1600 826 1657 pertinet
859 1599 1048 1656 primum
1090 1600 1184 1656 ipsa
1218 1598 1416 1642 evidentia
1449 1598 1534 1655 ejus
1562 1599 1746 1655 opinioni

63 1672 273 1724 repuqnat.

174 1733 451 1785 Exerces-e,
479 1734 566 1784 ·ri,
594 1749 642 1776 se
670 1748 902 1778 exercere
930 1735 1247 1790 frequentissime
1276 1736 1421 1777 dicitur
1451 1736 1500 1777 de
1521 1742 1632 1777 motu
1652 1749 1744 1778 cor-

64 1802 184 1856 poris.
239 1803 393 1844 Eodem
436 1803 554 1844 modo
583 1803 832 1854 exercitatio,
862 1804 1119 1852 exercitatus,
1161 1802 1459 1844 inexercitatus.
1517 1804 1619 1844 Tum
1651 1817 1745 1844 vero

64 1882 246 1912 exercere
289 1883 367 1912 non
412 1870 541 1911 minus
584 1883 692 1924 saepe
735 1877 952 1925 usurpatur
995 1871 1044 1912 de
1084 1871 1190 1912 omni
1228 1871 1460 1912 infirmitate
1491 1872 1666 1924 corporis
1697 1885 1744 1912 eo

65 1937 181 1978 modo
210 1950 286 1991 quo
314 1950 480 1986 vestare,
521 1943 706 1994 torquere
734 1939 798 1980 vel
827 1939 946 1988 illud,
990 1940 1094 1992 quod
1123 1939 1172 1980 de
1203 1939 1352 1980 morbis
1382 1939 1742 1992 frequentissimum

64 2010 143 2046 est:
171 2002 275 2046 male
303 2003 458 2047 habere.

174 2070 418 2113 Facultas
447 2072 547 2114 duas
577 2073 701 2115 habet
730 2073 1040 2126 significat-iones
1069 2072 1266 2114 insolitas.
1310 2073 1490 2115 Primum
1509 2072 1613 2114 enim
1635 2086 1743 2126 saepe

65 2152 139 2194 pro
168 2138 211 2181 vi
237 2139 386 2181 dicitur
414 2139 463 2180 de
493 2140 815 2190 medicamentis,
846 2141 957 2182 velut
986 2141 1026 2181 V
1056 2153 1230 2193 prooem.
1258 2141 1326 2182 fin.
1357 2154 1483 2195 quum
1501 2140 1638 2181 omnia
1658 2154 1742 2181 me-

64 2207 291 2248 dicamenta
313 2205 510 2263 proprias
527 2206 745 2263 facultates
773 2206 954 2249 habeant.
1011 2208 1076 2257 II,
1105 2208 1160 2248 33
1189 2207 1246 2248 in.
1282 2206 1445 2249 Habent
1481 2213 1614 2249 autem
1642 2207 1746 2250 hanc

55 2272 298 2332 facultatem
326 2273 480 2315 semina
507 2288 646 2316 erueoe.
704 2275 838 2316 Ceteri
867 2275 1101 2328 scriptores,
1130 2275 1235 2328 quod
1265 2275 1421 2328 quidem
1449 2275 1745 2316 animadverte-

64 2341 162 2391 rim,
206 2341 256 2382 de
293 2341 520 2382 hominibus
558 2341 636 2384 hoc
677 2341 799 2383 verbo
829 2349 1010 2392 utuntur,
1054 2350 1100 2385 ut
1142 2343 1339 2395 significet
1381 2342 1421 2383 id
1465 2343 1568 2396 quod
1599 2342 1744 2396 aliquis

66 2409 220 2451 efficere
263 2413 418 2462 potest,
447 2421 525 2449 non
545 2409 593 2449 de
613 2410 744 2450 rebus.
790 2410 892 2450 Tum
918 2423 1013 2450 vero
1036 2409 1182 2451 dicitur
1204 2409 1370 2450 videndi
1386 2409 1569 2469 facultas
1591 2410 1690 2460 VII,
1705 2408 1746 2460 7,

68 2476 121 2518 13
147 2476 238 2526 fin„
263 2474 447 2531 facultas
473 2475 669 2518 audiendi
695 2477 796 2525 VII,
813 2476 853 2517 8.
884 2476 1012 2525 VIII,
1044 2478 1063 2518 1
1088 2491 1127 2531 p.
1149 2477 1245 2526 324,
1264 2475 1318 2518 27
1347 2490 1419 2530 pro
1448 2477 1557 2527 visu,
1587 2478 1744 2520 auditu.

65 2543 203 2585 Etiam
223 2541 408 2601 facultas
435 2541 625 2598 loquendi
652 2543 754 2593 VII,
788 2544 851 2592 12,
880 2544 921 2593 4,
940 2543 1125 2602 facultas
1152 2551 1282 2587 motus
1309 2545 1438 2595 VIII,
1470 2545 1491 2586 1
1524 2558 1563 2599 p.
1581 2545 1676 2595 325,
1704 2546 1745 2595 2,

55 2609 241 2668 facultas
267 2610 441 2652 vorandi
467 2611 510 2660 1,
540 2612 566 2652 3
596 2624 635 2664 p.
670 2610 732 2661 18,
762 2607 816 2653 27
835 2609 889 2667 ¹).

177 2677 465 2726 Facundia,
494 2691 573 2732 qua
602 2691 717 2728 voce,
748 2692 773 2719 a.
802 2678 995 2720 Cicerone
1026 2684 1068 2720 et
1097 2679 1260 2722 Caesare
1290 2694 1368 2721 non
1408 2684 1624 2733 usurpata,
1669 2691 1746 2732 po-

66 2744 251 2786 steriores
294 2746 518 2799 frequenter
554 2751 735 2796 utuntur,
779 2746 887 2800 apud
918 2746 1078 2788 Celsum
1108 2753 1171 2788 est
1199 2748 1220 2788 I
1249 2760 1422 2801 prooem.
1452 2761 1490 2801 p.
1519 2748 1559 2795 2,
1591 2745 1656 2787 16.
1686 2745 1743 2788 ib.

66 2824 105 2866 p.
131 2808 173 2862 7,
203 2813 269 2854 11.

175 2878 353 2929 quor,
381 2892 461 2920 vox
489 2880 636 2922 infimae
666 2880 903 2930 latinitatis,
934 2883 1018 2933 ΙΙΙ,
1049 2882 1088 2932 6,
1115 2883 1182 2925 fin.
1240 2882 1316 2931 IV,
1344 2882 1398 2923 23
1428 2883 1532 2923 med.

174 2945 505 2995 Immodicas,
534 2962 628 2998 -σε,
672 2948 815 3003 quibus
858 2950 991 2991 verbis
1035 2952 1267 3004 frequenter
1305 2955 1473 2991 utuntur
1502 2949 1743 3002 posteriores

67 3012 279 3067 scriptores
316 3014 401 3067 jam
444 3014 537 3056 inde
579 3029 606 3056 a
646 3016 784 3065 Livio,
826 3017 932 3069 apud
970 3017 1130 3059 Celsum
1169 3030 1275 3071 saepe
1307 3016 1581 3058 inveniuntur.
1640 3015 1743 3063 Quae

69 3078 208 3122 Cicero
236 3086 406 3136 usurpat
432 3082 736 3132 immoderatus,
765 3089 824 3125 -te
852 3083 992 3126 Celsus
1020 3097 1098 3126 non
1129 3085 1267 3126 habet.

133 3199 160 3251 ¹)
188 3203 250 3241 Ofi-
277 3205 406 3243 Krebs.
436 3218 465 3243 s.
497 3219 533 3244 v.
565 3206 757 3254 Seyffert„
788 3209 968 3246 Palaestra
996 3208 1161 3246 Ciceron.
1194 3221 1282 3258 pag.
1316 3210 1382 3246 56.
