2106 3658
561 348 615 385 De
645 348 852 385 elocutione
883 347 928 384 A.
959 346 1118 384 Cornelii
1147 345 1254 382 celsi.
1729 345 1751 379 9

188 461 309 506 Nihil
350 461 464 503 aliud
507 476 631 518 quam
674 462 850 516 elliptice
892 463 1069 516 positum
1114 467 1194 511 est,
1237 467 1283 502 ut
1311 460 1417 514 apud
1446 460 1607 501 Livium
1638 459 1685 500 fit
1714 466 1754 501 et

76 532 287 586 scriptores
316 529 382 584 qui
413 537 504 583 post
534 543 623 571 eum
653 536 771 578 sunt,
801 530 855 578 V,
885 528 952 579 27,
982 530 1007 571 5
1039 535 1164 571 extr.:
1193 527 1371 585 Coqnovi
1399 534 1532 569 tamen
1559 527 1757 575 medicos,

75 599 146 655 qui
179 597 229 639 ab
257 596 465 652 scorpione
492 596 581 638 ictis
609 595 713 638 nihil
741 595 856 638 aliud
884 611 1007 652 quam
1035 610 1086 638 ex
1105 595 1268 638 brachio
1288 594 1528 650 sanquinem
1547 594 1754 636 miserunt.

79 666 181 715 vn,
210 665 277 713 21,
306 666 345 706 2.
404 664 535 714 VIII,
564 664 604 714 8,
633 666 659 705 2
690 671 791 705 extr.
850 664 974 713 VIII,
1007 664 1072 713 10,
1101 663 1140 704 4.

194 730 326 774 Verba
354 744 508 785 quoque
540 733 722 785 quaedam
752 731 936 775 absolute
966 737 1188 785 ponuntur:

185 797 444 840 Adhibere
486 799 574 848 111,
603 800 658 839 20
685 812 726 852 p.
760 798 851 847 104,
879 797 953 840 29:
997 797 1047 840 Si
1082 797 1387 855 experyiseitur,
1417 796 1606 840 adhibere
1641 799 1681 841 ei
1713 804 1757 839 ut

75 866 204 924 sopito
231 879 522 922 supervacuum
552 873 620 908 est.

183 931 387 990 Adjicio
416 933 493 981 IV,
521 934 577 974 20
606 946 645 987 p.
670 932 768 984 146,
792 934 863 975 13:
893 932 1036 987 adjicit
1058 932 1241 988 periculo
1272 933 1442 974 vomitus
1470 930 1647 975 biliosus.
1677 933 1756 982 ΙΙΙ,

74 1002 123 1042 21
156 1015 196 1055 p.
230 1000 322 1050 108,
351 1001 418 1041 22.
477 1001 583 1050 VII,
612 1001 653 1051 4,
681 1002 710 1042 4
737 1015 777 1056 p.
807 1000 904 1050 268,
933 999 999 1042 29.
1056 1000 1160 1050 VII,
1189 1001 1261 1051 21,
1295 1001 1331 1041 1.

131 1083 133 1087 ¹
183 1067 348 1123 Ayere
376 1066 452 1124 (sc.
484 1067 630 1123 vitam)
660 1069 681 1109 I
711 1081 887 1122 prooem.
918 1074 1040 1109 extr.:
1072 1066 1155 1109 His
1169 1067 1392 1123 propositis
1405 1067 1589 1122 primum
1607 1067 1755 1116 dicam,

73 1134 414 1191 quemadmodum
443 1148 562 1176 sanos
590 1149 707 1190 aym
735 1135 954 1177 conveniat.
999 1135 1104 1176 Ibid.
1134 1148 1173 1188 p.
1209 1136 1271 1183 12,
1300 1134 1339 1175 8.
1379 1135 1457 1183 ΙΙΙ,
1486 1134 1511 1174 5
1543 1140 1646 1176 extr.
1675 1134 1754 1185 IV,

74 1203 100 1243 5
129 1216 168 1257 p.
201 1201 292 1251 126,
321 1201 387 1243 36.
446 1202 598 1243 Eodem
631 1203 746 1244 modo
776 1202 945 1258 deqere
973 1202 1037 1252 II,
1070 1202 1122 1243 18
1151 1216 1190 1255 p.
1220 1201 1295 1250 65,
1329 1202 1399 1243 14:
1433 1200 1564 1257 Atque
1582 1215 1638 1244 eae
1656 1216 1755 1258 quo-

73 1283 149 1326 que
176 1270 317 1323 (aves),
346 1282 434 1325 quae
463 1269 506 1310 in
535 1283 642 1325 aqua
671 1270 829 1324 dequnt.

181 1335 432 1392 Repetere
460 1343 677 1390 usurpatur
706 1338 845 1378 eadem
875 1336 1006 1389 signif.
1028 1349 1065 1378 a.
1085 1335 1241 1386 redire,
1270 1336 1337 1391 qui
1358 1349 1452 1378 usus
1473 1336 1580 1389 apud
1602 1334 1753 1376 nullum

73 1404 307 1458 scriptorem
351 1410 496 1457 praeter
532 1404 691 1446 Celsum
728 1409 884 1452 exstat,
926 1404 961 1444 si
991 1404 1128 1445 lexicis
1165 1405 1403 1445 credendum
1435 1409 1508 1444 est.
1566 1403 1626 1452 II,
1658 1403 1678 1443 1
1711 1416 1749 1456 p.

73 1469 140 1521 28,
167 1471 243 1513 33:
288 1470 456 1525 (morbi)
483 1477 576 1513 tunc
603 1471 782 1514 maxime
810 1477 846 1514 et
872 1469 1112 1512 inchoantur
1140 1476 1176 1512 et
1202 1477 1398 1527 repetunt.
1458 1471 1521 1520 II,
1549 1469 1578 1511 8
1607 1483 1645 1523 p.
1680 1469 1750 1518 48,

71 1538 119 1580 5:
148 1538 316 1592 (febris)
346 1538 531 1594 quamvis
559 1538 771 1594 quieverit,
799 1545 930 1580 tamen
958 1538 1112 1594 repetit.
1149 1539 1236 1587 III,
1266 1539 1321 1580 22
1350 1551 1389 1592 p.
1422 1538 1517 1587 110,
1546 1537 1614 1579 20.
1673 1537 1751 1587 IV,

76 1607 123 1647 11
156 1619 195 1660 p.
233 1605 320 1654 134,
350 1606 417 1647 21.
475 1607 551 1656 IV,
579 1607 648 1648 21.

181 1671 514 1729 Respondere
558 1672 636 1730 (sc.
667 1673 983 1729 exspectationi)
1021 1673 1046 1715 i.
1076 1686 1110 1714 S.
1139 1686 1176 1728 q.
1205 1672 1252 1714 id
1289 1672 1400 1730 quod
1426 1678 1628 1728 spectatur
1656 1670 1750 1729 effi-

71 1753 157 1782 cere
185 1740 251 1781 vel
279 1741 361 1782 tale
390 1740 497 1794 quid.
526 1741 548 1781 Ι
575 1754 751 1795 prooem.
781 1755 822 1796 p.
851 1740 891 1790 6,
921 1743 996 1782 23:
1025 1739 1234 1796 diliqentes
1262 1740 1443 1782 homines
1462 1746 1632 1788 notasse,
1660 1751 1751 1799 quoe

65 1805 304 1863 plerumque
331 1806 474 1848 meliua
500 1808 807 1864 responderent,
850 1808 996 1850 deinde
1029 1807 1312 1863 oeyrotantibus
1340 1822 1388 1850 ea
1410 1807 1636 1864 proecipere
1663 1820 1750 1848 eoe-

65 1873 188 1930 pisse.
234 1875 295 1916 lb.
324 1888 363 1928 p.
393 1873 434 1924 9,
463 1874 509 1917 8:
543 1875 723 1930 sortasse
758 1889 1048 1931 responsurum
1060 1874 1198 1933 fuisse
1226 1875 1293 1924 id,
1336 1875 1445 1931 quod
1473 1874 1623 1930 aliquis
1651 1879 1751 1916 esset

71 1948 269 1997 expertum
300 1942 360 1983 Ib.
390 1955 429 1996 p.
458 1941 498 1991 6,
531 1943 593 1984 ll.
624 1944 687 1984 Ib.
717 1957 756 1997 p.
785 1942 825 1992 9,
859 1943 922 1984 15.
967 1943 1045 1994 IV,
1078 1943 1125 1983 ll
1159 1956 1198 1997 p.
1231 1942 1328 1992 135,
1357 1942 1404 1991 4,
1434 1942 1597 1996 saepius.
1627 1942 1748 1983 Lucr.

71 2009 158 2052 Col.
190 2009 283 2051 Seu.
313 2008 454 2056 Quint.
485 2010 561 2051 hoc
589 2012 712 2052 verbo
741 2011 924 2051 absolute
954 2023 1047 2051 usos
1077 2023 1185 2059 esse,
1214 2010 1255 2051 in
1285 2010 1422 2051 lexicis
1451 2014 1684 2050 annotatur.

182 2076 282 2118 Cum
313 2077 513 2118 brevitate
543 2077 688 2119 dicitur
716 2079 756 2127 Ι,
785 2079 812 2118 2
840 2092 879 2132 p.
912 2078 975 2126 14,
1006 2078 1078 2120 15:
1108 2077 1351 2133 minimeque
1379 2076 1516 2118 nubilo
1545 2075 1649 2118 coelo
1673 2074 1750 2117 soli

70 2142 269 2199 aperienti
295 2142 372 2199 (sc.
402 2142 560 2200 nubila)
588 2158 631 2187 se
658 2145 910 2187 committere.
968 2145 1097 2195 VIII,
1127 2145 1182 2186 20
1211 2146 1334 2186 med.:
1362 2143 1446 2186 Sed
1474 2150 1517 2184 ut
1537 2142 1749 2198 Izaeefalsa

69 2209 206 2266 opinio
233 2216 311 2261 est,
340 2210 399 2252 sic
425 2209 531 2252 illud
556 2226 695 2254 verum
722 2219 801 2261 est,
830 2227 956 2268 quum
983 2212 1043 2254 ibi
1069 2211 1331 2254 valentissimi
1357 2212 1473 2254 nervi
1499 2209 1748 2267 musculique

70 2277 171 2327 sint,
199 2278 236 2319 εἰ
263 2291 382 2319 suum
408 2277 533 2319 robur
561 2279 723 2331 habent,
751 2280 822 2321 vix
849 2279 1059 2322 admittere
1094 2279 1172 2336 (sc.
1203 2279 1450 2321 curationem
1481 2292 1514 2320 s.
1545 2284 1591 2320 ut
1619 2279 1748 2319 femur

70 2345 328 2401 reponatur),
356 2345 394 2386 si
420 2360 501 2387 non
529 2346 693 2397 habent,
718 2353 858 2403 postea
886 2361 966 2389 non
994 2347 1194 2389 continere
1227 2346 1303 2403 (sc.
1333 2346 1552 2400 repositum
1586 2343 1747 2401 femur).

70 2413 195 2462 VIII,
225 2413 296 2454 25:
325 2419 443 2469 atque
469 2414 514 2455 in
542 2413 605 2455 his
633 2429 788 2470 quoque
816 2413 1029 2469 diliyenter
1056 2428 1140 2457 esse
1167 2414 1392 2470 aqendum,
1435 2427 1484 2456 ne
1506 2411 1747 2470 proeeipita-

69 2486 159 2523 rent
191 2479 266 2537 (sc.
295 2480 382 2522 haec
410 2481 518 2522 mala
546 2494 691 2534 aegrnm
721 2480 956 2538 hominem).

179 2548 380 2589 Brevitati
422 2549 616 2590 orationis
659 2562 706 2590 eo
750 2561 903 2603 quoque
946 2548 1179 2597 consulitur,
1222 2549 1327 2603 quod
1371 2548 1448 2589 duo
1486 2547 1746 2589 substantiva

70 2615 351 2669 praepositione
380 2615 467 2656 sola
490 2617 726 2669 junguntur.
783 2618 873 2658 Hoc
901 2615 942 2656 in
972 2617 1121 2658 talibus
1150 2617 1231 2656 fere
1261 2616 1527 2657 locutionibus
1555 2615 1624 2664 fit,
1659 2627 1747 2668 quae

70 2682 122 2724 ad
150 2688 276 2724 artem
306 2683 587 2736 exponendam
618 2684 790 2725 maxime
820 2683 1044 2737 pertinent,
1087 2688 1128 2724 et
1165 2696 1326 2736 prorsus
1355 2689 1419 2723 est
1447 2683 1499 2724 ad
1529 2688 1747 2723 consuetu-

72 2749 203 2791 dinem
231 2762 388 2800 eorum‚
431 2751 499 2804 qui
535 2757 645 2792 artes
679 2752 867 2800 tradunt,
910 2751 1266 2792 accommodatum.
1327 2750 1450 2791 Velut
1477 2751 1519 2799 Ι,
1548 2750 1574 2790 3
1604 2763 1642 2802 p.
1672 2749 1747 2798 20,

72 2815 126 2857 25
147 2823 242 2872 post
268 2816 400 2858 eibum
428 2818 540 2873 quies
568 2816 650 2874 (cfr
677 2819 862 2872 proxime.
890 2818 1017 2859 linea:
1047 2823 1176 2859 motus
1203 2818 1276 2873 qui
1296 2824 1391 2872 post
1417 2816 1550 2858 cibum
1569 2818 1658 2870 eet).
1686 2816 1747 2865 II,

77 2883 94 2923 l
126 2895 168 2936 p.
198 2883 252 2926 29
278 2884 332 2926 in.
361 2898 469 2940 aqua
497 2885 602 2927 inter
629 2892 758 2929 cutem
786 2885 989 2943 (saepius).
1046 2884 1117 2927 Cfr
1145 2885 1227 2934 111,
1257 2885 1308 2926 21
1331 2898 1371 2939 p.
1398 2881 1475 2926 107
1505 2890 1606 2925 extr.
1635 2882 1747 2925 utilis

75 3050 174 3097 apud
202 3051 365 3090 Plinium
394 3054 573 3102 majorem
601 3053 798 3100 saepissime
828 3054 925 3098 fieri,
956 3057 1000 3092 ut
1029 3055 1078 3091 ad
1107 3054 1224 3091 verba
1252 3054 1389 3093 calida,
1413 3053 1564 3100 friyida
1593 3051 1746 3088 audien-

75 3105 163 3144 dum
190 3108 239 3145 sit
268 3123 388 3158 aqua,
418 3114 548 3149 auctor
578 3114 634 3149 est
664 3111 902 3159 Grasberger,
929 3114 1008 3150 «De
1028 3125 1095 3149 usu
1115 3112 1331 3154 miniano»,
1361 3109 1598 3158 wirceburgi
1622 3110 1745 3146 1860.

1543 3215 1566 3242 C)

1544 3242 1568 3254 fl
