<?xml version="1.0" encoding="UTF-8"?>
<!DOCTYPE html PUBLIC "-//W3C//DTD XHTML 1.0 Transitional//EN"
    "http://www.w3.org/TR/xhtml1/DTD/xhtml1-transitional.dtd">
<html xmlns="http://www.w3.org/1999/xhtml" xml:lang="en" lang="en">
 <head>
  <title>
</title>
<meta http-equiv="Content-Type" content="text/html;charset=utf-8" />
  <meta name='ocr-system' content='tesseract 3.04.00' />
  <meta name='ocr-capabilities' content='ocr_page ocr_carea ocr_par ocr_line ocrx_word'/>
</head>
<body>
  <div class='ocr_page' id='page_1' title='image "./deelocutioneacor00broluoft_0028.png"; bbox 0 0 2106 3658; ppageno 0'>
   <div class='ocr_carea' id='block_1_1' title="bbox 383 384 1354 425">
    <p class='ocr_par' dir='ltr' id='par_1_1' title="bbox 383 384 1354 425">
     <span class='ocr_line' id='line_1_1' title="bbox 383 384 1354 425; baseline -0.004 0"><span class='ocrx_word' id='word_1_1' title='bbox 383 388 434 425; x_wconf 82' lang='lat'><strong>22</strong></span> <span class='ocrx_word' id='word_1_2' title='bbox 1065 384 1104 422; x_wconf 87' lang='lat' dir='ltr'><strong>C.</strong></span> <span class='ocrx_word' id='word_1_3' title='bbox 1135 385 1180 421; x_wconf 82' lang='lat' dir='ltr'><strong>A.</strong></span> <span class='ocrx_word' id='word_1_4' title='bbox 1211 384 1354 422; x_wconf 70' lang='lat' dir='ltr'><strong>Brolen.</strong></span> 
     </span>
    </p>
   </div>
   <div class='ocr_carea' id='block_1_2' title="bbox 356 495 2021 3202">
    <p class='ocr_par' dir='ltr' id='par_1_2' title="bbox 378 495 2018 684">
     <span class='ocr_line' id='line_1_2' title="bbox 488 495 2018 556; baseline -0.001 -14"><span class='ocrx_word' id='word_1_5' title='bbox 488 500 754 556; x_wconf 66' lang='lat' dir='ltr'><strong>Spatiosas</strong></span> <span class='ocrx_word' id='word_1_6' title='bbox 781 512 852 552; x_wconf 88' lang='lat' dir='ltr'><strong>pro</strong></span> <span class='ocrx_word' id='word_1_7' title='bbox 871 497 1025 554; x_wconf 84' lang='lat' dir='ltr'><strong>amplo,</strong></span> <span class='ocrx_word' id='word_1_8' title='bbox 1052 511 1196 553; x_wconf 73' lang='lat' dir='ltr'><strong>maqno</strong></span> <span class='ocrx_word' id='word_1_9' title='bbox 1208 528 1220 548; x_wconf 88' lang='lat'>,</span> <span class='ocrx_word' id='word_1_10' title='bbox 1247 495 1326 539; x_wconf 84' lang='lat' dir='ltr'><strong>lato</strong></span> <span class='ocrx_word' id='word_1_11' title='bbox 1344 496 1511 554; x_wconf 56' lang='lat' dir='ltr'><strong>(poetas,</strong></span> <span class='ocrx_word' id='word_1_12' title='bbox 1529 499 1764 553; x_wconf 75' lang='lat' dir='ltr'><strong>posteriores</strong></span> <span class='ocrx_word' id='word_1_13' title='bbox 1783 497 2018 555; x_wconf 75' lang='lat' dir='ltr'><strong>scriptores)</strong></span> 
     </span>
     <span class='ocr_line' id='line_1_3' title="bbox 381 563 2018 621; baseline 0 -12"><span class='ocrx_word' id='word_1_14' title='bbox 381 568 484 610; x_wconf 91' lang='lat' dir='ltr'><strong>Cels.</strong></span> <span class='ocrx_word' id='word_1_15' title='bbox 515 569 554 614; x_wconf 93' lang='lat'>1,</span> <span class='ocrx_word' id='word_1_16' title='bbox 582 568 608 607; x_wconf 91' lang='lat'>2</span> <span class='ocrx_word' id='word_1_17' title='bbox 638 580 673 619; x_wconf 93' lang='lat' dir='ltr'><strong>p.</strong></span> <span class='ocrx_word' id='word_1_18' title='bbox 708 566 769 613; x_wconf 87' lang='lat'>15,</span> <span class='ocrx_word' id='word_1_19' title='bbox 801 565 851 605; x_wconf 91' lang='grc'><strong>10</strong></span> <span class='ocrx_word' id='word_1_20' title='bbox 891 563 1065 605; x_wconf 87' lang='lat' dir='ltr'><strong>conclavi</strong></span> <span class='ocrx_word' id='word_1_21' title='bbox 1105 578 1226 619; x_wconf 82' lang='lat' dir='ltr'><strong>quam</strong></span> <span class='ocrx_word' id='word_1_22' title='bbox 1260 564 1434 605; x_wconf 71' lang='lat' dir='ltr'><strong>maa-ime</strong></span> <span class='ocrx_word' id='word_1_23' title='bbox 1467 570 1503 605; x_wconf 84' lang='lat' dir='ltr'><strong>et</strong></span> <span class='ocrx_word' id='word_1_24' title='bbox 1538 564 1617 607; x_wconf 83' lang='lat' dir='ltr'><strong>alto</strong></span> <span class='ocrx_word' id='word_1_25' title='bbox 1643 572 1679 608; x_wconf 81' lang='lat' dir='ltr'><strong>et</strong></span> <span class='ocrx_word' id='word_1_26' title='bbox 1705 565 1837 608; x_wconf 77' lang='lat' dir='ltr'><strong>lucido</strong></span> <span class='ocrx_word' id='word_1_27' title='bbox 1864 572 1900 608; x_wconf 84' lang='lat' dir='ltr'><strong>et</strong></span> <span class='ocrx_word' id='word_1_28' title='bbox 1926 579 2018 621; x_wconf 82' lang='lat' dir='ltr'><strong>spa-</strong></span> 
     </span>
     <span class='ocr_line' id='line_1_4' title="bbox 378 628 1585 684; baseline -0.002 -9"><span class='ocrx_word' id='word_1_29' title='bbox 378 635 487 675; x_wconf 80' lang='lat' dir='ltr'><strong>tioso.</strong></span> <span class='ocrx_word' id='word_1_30' title='bbox 517 633 592 679; x_wconf 90' lang='lat' dir='ltr'><strong>IV,</strong></span> <span class='ocrx_word' id='word_1_31' title='bbox 620 633 646 671; x_wconf 94' lang='lat'>2</span> <span class='ocrx_word' id='word_1_32' title='bbox 674 645 712 684; x_wconf 87' lang='lat' dir='ltr'><strong>p.</strong></span> <span class='ocrx_word' id='word_1_33' title='bbox 746 632 835 679; x_wconf 88' lang='lat'>122,</span> <span class='ocrx_word' id='word_1_34' title='bbox 863 628 929 671; x_wconf 81' lang='lat'><strong>27.</strong></span> <span class='ocrx_word' id='word_1_35' title='bbox 961 630 1062 678; x_wconf 89' lang='lat' dir='ltr'>VII,</span> <span class='ocrx_word' id='word_1_36' title='bbox 1092 630 1158 680; x_wconf 84' lang='lat'><strong>25,</strong></span> <span class='ocrx_word' id='word_1_37' title='bbox 1190 632 1209 672; x_wconf 96' lang='lat'>1</span> <span class='ocrx_word' id='word_1_38' title='bbox 1241 630 1294 671; x_wconf 88' lang='lat' dir='ltr'><strong>in.</strong></span> <span class='ocrx_word' id='word_1_39' title='bbox 1324 630 1450 680; x_wconf 88' lang='lat' dir='ltr'>VIII,</span> <span class='ocrx_word' id='word_1_40' title='bbox 1478 631 1504 671; x_wconf 89' lang='grc'>3</span> <span class='ocrx_word' id='word_1_41' title='bbox 1532 631 1585 673; x_wconf 90' lang='lat' dir='ltr'><strong>in.</strong></span> 
     </span>
    </p>

    <p class='ocr_par' dir='ltr' id='par_1_3' title="bbox 375 695 2021 1013">
     <span class='ocr_line' id='line_1_5' title="bbox 485 695 2020 752; baseline 0 -12"><span class='ocrx_word' id='word_1_42' title='bbox 485 696 810 752; x_wconf 84' lang='lat' dir='ltr'><strong>Specialiter,</strong></span> <span class='ocrx_word' id='word_1_43' title='bbox 839 709 916 736; x_wconf 81' lang='lat' dir='ltr'><strong>vox</strong></span> <span class='ocrx_word' id='word_1_44' title='bbox 944 696 1204 737; x_wconf 78' lang='lat' dir='ltr'><strong>recentiorum</strong></span> <span class='ocrx_word' id='word_1_45' title='bbox 1233 695 1487 749; x_wconf 88' lang='lat' dir='ltr'><strong>scriptorum,</strong></span> <span class='ocrx_word' id='word_1_46' title='bbox 1515 698 1620 750; x_wconf 79' lang='lat' dir='ltr'><strong>apud</strong></span> <span class='ocrx_word' id='word_1_47' title='bbox 1648 697 1752 740; x_wconf 86' lang='lat' dir='ltr'><strong>Cels.</strong></span> <span class='ocrx_word' id='word_1_48' title='bbox 1781 699 1933 740; x_wconf 89' lang='lat' dir='ltr'><strong>duobus</strong></span> <span class='ocrx_word' id='word_1_49' title='bbox 1959 698 2020 739; x_wconf 90' lang='lat' dir='ltr'><strong>lo-</strong></span> 
     </span>
     <span class='ocr_line' id='line_1_6' title="bbox 377 761 2021 820; baseline 0.001 -15"><span class='ocrx_word' id='word_1_50' title='bbox 377 765 432 806; x_wconf 88' lang='lat' dir='ltr'><strong>cis</strong></span> <span class='ocrx_word' id='word_1_51' title='bbox 461 764 551 804; x_wconf 90' lang='lat' dir='ltr'><strong>olim</strong></span> <span class='ocrx_word' id='word_1_52' title='bbox 580 763 767 815; x_wconf 89' lang='lat' dir='ltr'><strong>scriptum</strong></span> <span class='ocrx_word' id='word_1_53' title='bbox 797 767 883 820; x_wconf 65' lang='lat' dir='ltr'><strong>eret</strong></span> <span class='ocrx_word' id='word_1_54' title='bbox 919 763 980 811; x_wconf 89' lang='lat'>11,</span> <span class='ocrx_word' id='word_1_55' title='bbox 1010 761 1062 802; x_wconf 89' lang='lat'>18</span> <span class='ocrx_word' id='word_1_56' title='bbox 1090 775 1129 815; x_wconf 87' lang='lat' dir='ltr'><strong>p.</strong></span> <span class='ocrx_word' id='word_1_57' title='bbox 1158 761 1224 812; x_wconf 88' lang='grc'><strong>65,</strong></span> <span class='ocrx_word' id='word_1_58' title='bbox 1260 762 1285 802; x_wconf 88' lang='grc'>5</span> <span class='ocrx_word' id='word_1_59' title='bbox 1320 762 1532 816; x_wconf 75' lang='lat' dir='ltr'><strong>pastinaca</strong></span> <span class='ocrx_word' id='word_1_60' title='bbox 1571 762 1631 805; x_wconf 87' lang='lat' dir='ltr'><strong>vel</strong></span> <span class='ocrx_word' id='word_1_61' title='bbox 1671 778 1760 819; x_wconf 80' lang='lat' dir='ltr'><strong>quoe</strong></span> <span class='ocrx_word' id='word_1_62' title='bbox 1799 763 2021 820; x_wconf 75' lang='lat' dir='ltr'><strong>specialiter</strong></span> 
     </span>
     <span class='ocr_line' id='line_1_7' title="bbox 375 827 2018 883; baseline 0 -13"><span class='ocrx_word' id='word_1_63' title='bbox 375 827 560 870; x_wconf 83' lang='lat' dir='ltr'><strong>radicula</strong></span> <span class='ocrx_word' id='word_1_64' title='bbox 587 827 811 883; x_wconf 83' lang='lat' dir='ltr'><strong>appellatur</strong></span> <span class='ocrx_word' id='word_1_65' title='bbox 838 834 879 869; x_wconf 91' lang='lat' dir='ltr'><strong>et</strong></span> <span class='ocrx_word' id='word_1_66' title='bbox 906 828 958 877; x_wconf 90' lang='lat' dir='ltr'><strong>V,</strong></span> <span class='ocrx_word' id='word_1_67' title='bbox 987 828 1052 876; x_wconf 89' lang='lat'><strong>24,</strong></span> <span class='ocrx_word' id='word_1_68' title='bbox 1081 828 1108 868; x_wconf 88' lang='lat'>4</span> <span class='ocrx_word' id='word_1_69' title='bbox 1134 829 1200 869; x_wconf 88' lang='lat' dir='ltr'><strong>fin.</strong></span> <span class='ocrx_word' id='word_1_70' title='bbox 1257 829 1434 882; x_wconf 90' lang='lat' dir='ltr'><strong>Utroque</strong></span> <span class='ocrx_word' id='word_1_71' title='bbox 1462 834 1594 870; x_wconf 81' lang='lat' dir='ltr'><strong>tamen</strong></span> <span class='ocrx_word' id='word_1_72' title='bbox 1625 829 1709 871; x_wconf 92' lang='lat' dir='ltr'><strong>loco</strong></span> <span class='ocrx_word' id='word_1_73' title='bbox 1737 831 1923 873; x_wconf 78' lang='lat' dir='ltr'><strong>Dsremb.</strong></span> <span class='ocrx_word' id='word_1_74' title='bbox 1944 830 2018 871; x_wconf 90' lang='lat' dir='ltr'><strong>hoc</strong></span> 
     </span>
     <span class='ocr_line' id='line_1_8' title="bbox 375 894 2018 948; baseline 0.001 -13"><span class='ocrx_word' id='word_1_75' title='bbox 375 897 534 936; x_wconf 83' lang='lat' dir='ltr'><strong>verbum</strong></span> <span class='ocrx_word' id='word_1_76' title='bbox 564 894 742 943; x_wconf 86' lang='lat' dir='ltr'><strong>exclusit,</strong></span> <span class='ocrx_word' id='word_1_77' title='bbox 772 899 814 934; x_wconf 89' lang='lat' dir='ltr'><strong>et</strong></span> <span class='ocrx_word' id='word_1_78' title='bbox 840 894 996 947; x_wconf 90' lang='lat' dir='ltr'><strong>quidem</strong></span> <span class='ocrx_word' id='word_1_79' title='bbox 1026 895 1241 947; x_wconf 88' lang='lat' dir='ltr'><strong>posteriore</strong></span> <span class='ocrx_word' id='word_1_80' title='bbox 1270 900 1395 943; x_wconf 90' lang='lat' dir='ltr'><strong>recte,</strong></span> <span class='ocrx_word' id='word_1_81' title='bbox 1423 908 1539 948; x_wconf 88' lang='lat' dir='ltr'><strong>quum</strong></span> <span class='ocrx_word' id='word_1_82' title='bbox 1572 908 1730 948; x_wconf 88' lang='lat' dir='ltr'><strong>prorsus</strong></span> <span class='ocrx_word' id='word_1_83' title='bbox 1763 898 1899 938; x_wconf 87' lang='lat' dir='ltr'><strong>turbet</strong></span> <span class='ocrx_word' id='word_1_84' title='bbox 1925 909 2018 937; x_wconf 86' lang='lat' dir='ltr'><strong>sen-</strong></span> 
     </span>
     <span class='ocr_line' id='line_1_9' title="bbox 375 960 2016 1013; baseline 0.001 -11"><span class='ocrx_word' id='word_1_85' title='bbox 375 961 559 1008; x_wconf 80' lang='lat' dir='ltr'><strong>tentiam3</strong></span> <span class='ocrx_word' id='word_1_86' title='bbox 588 965 727 1000; x_wconf 84' lang='lat' dir='ltr'><strong>contre.</strong></span> <span class='ocrx_word' id='word_1_87' title='bbox 756 960 905 1012; x_wconf 91' lang='lat' dir='ltr'><strong>priore,</strong></span> <span class='ocrx_word' id='word_1_88' title='bbox 935 973 1052 1013; x_wconf 90' lang='lat' dir='ltr'><strong>quum</strong></span> <span class='ocrx_word' id='word_1_89' title='bbox 1082 960 1120 1000; x_wconf 88' lang='lat' dir='ltr'><strong>in</strong></span> <span class='ocrx_word' id='word_1_90' title='bbox 1150 961 1348 1002; x_wconf 88' lang='lat' dir='ltr'><strong>codicibus</strong></span> <span class='ocrx_word' id='word_1_91' title='bbox 1377 960 1451 1009; x_wconf 87' lang='lat' dir='ltr'><strong>sit,</strong></span> <span class='ocrx_word' id='word_1_92' title='bbox 1478 961 1633 1002; x_wconf 86' lang='lat' dir='ltr'><strong>videtur</strong></span> <span class='ocrx_word' id='word_1_93' title='bbox 1650 975 1737 1003; x_wconf 91' lang='lat' dir='ltr'><strong>esse</strong></span> <span class='ocrx_word' id='word_1_94' title='bbox 1757 963 2016 1004; x_wconf 90' lang='lat' dir='ltr'><strong>retinendum.</strong></span> 
     </span>
    </p>

    <p class='ocr_par' dir='ltr' id='par_1_4' title="bbox 374 1025 2019 1149">
     <span class='ocr_line' id='line_1_10' title="bbox 480 1025 2019 1084; baseline 0 -16"><span class='ocrx_word' id='word_1_95' title='bbox 480 1025 739 1082; x_wconf 85' lang='lat' dir='ltr'><strong>Speciosus</strong></span> <span class='ocrx_word' id='word_1_96' title='bbox 767 1025 864 1081; x_wconf 87' lang='lat' dir='ltr'><strong>(Ov.</strong></span> <span class='ocrx_word' id='word_1_97' title='bbox 891 1027 989 1067; x_wconf 91' lang='lat' dir='ltr'><strong>Hor.</strong></span> <span class='ocrx_word' id='word_1_98' title='bbox 1013 1027 1101 1067; x_wconf 86' lang='lat' dir='ltr'><strong>Liv.</strong></span> <span class='ocrx_word' id='word_1_99' title='bbox 1129 1025 1254 1083; x_wconf 91' lang='lat' dir='ltr'><strong>post.)</strong></span> <span class='ocrx_word' id='word_1_100' title='bbox 1283 1028 1346 1076; x_wconf 94' lang='lat' dir='ltr'><strong>II,</strong></span> <span class='ocrx_word' id='word_1_101' title='bbox 1366 1028 1404 1076; x_wconf 93' lang='lat'><strong>2,</strong></span> <span class='ocrx_word' id='word_1_102' title='bbox 1423 1026 1476 1067; x_wconf 91' lang='lat' dir='ltr'><strong>in.</strong></span> <span class='ocrx_word' id='word_1_103' title='bbox 1504 1026 1618 1082; x_wconf 75' lang='lat' dir='ltr'><strong>Erqo</strong></span> <span class='ocrx_word' id='word_1_104' title='bbox 1640 1027 1677 1068; x_wconf 90' lang='lat' dir='ltr'><strong>si</strong></span> <span class='ocrx_word' id='word_1_105' title='bbox 1694 1027 1853 1084; x_wconf 78' lang='lat' dir='ltr'><strong>plenior</strong></span> <span class='ocrx_word' id='word_1_106' title='bbox 1870 1027 2019 1084; x_wconf 79' lang='lat' dir='ltr'><strong>aliquis</strong></span> 
     </span>
     <span class='ocr_line' id='line_1_11' title="bbox 374 1091 1276 1149; baseline 0 -15"><span class='ocrx_word' id='word_1_107' title='bbox 374 1099 410 1134; x_wconf 89' lang='lat' dir='ltr'><strong>et</strong></span> <span class='ocrx_word' id='word_1_108' title='bbox 437 1091 648 1149; x_wconf 85' lang='lat' dir='ltr'><strong>speciosior</strong></span> <span class='ocrx_word' id='word_1_109' title='bbox 675 1097 711 1133; x_wconf 92' lang='lat' dir='ltr'><strong>et</strong></span> <span class='ocrx_word' id='word_1_110' title='bbox 737 1091 947 1134; x_wconf 81' lang='lat' dir='ltr'><strong>coloratior</strong></span> <span class='ocrx_word' id='word_1_111' title='bbox 971 1091 1101 1145; x_wconf 84' lang='lat' dir='ltr'><strong>factus</strong></span> <span class='ocrx_word' id='word_1_112' title='bbox 1129 1099 1184 1135; x_wconf 86' lang='lat' dir='ltr'><strong>est</strong></span> <span class='ocrx_word' id='word_1_113' title='bbox 1211 1117 1276 1134; x_wconf 91' lang='lat'><strong>-—-.</strong></span> 
     </span>
    </p>

    <p class='ocr_par' dir='ltr' id='par_1_5' title="bbox 364 1157 2017 1611">
     <span class='ocr_line' id='line_1_12' title="bbox 481 1157 2017 1214; baseline 0.003 -15"><span class='ocrx_word' id='word_1_114' title='bbox 481 1157 662 1213; x_wconf 79' lang='lat' dir='ltr'><strong>Sponte</strong></span> <span class='ocrx_word' id='word_1_115' title='bbox 703 1171 780 1199; x_wconf 93' lang='lat' dir='ltr'><strong>non</strong></span> <span class='ocrx_word' id='word_1_116' title='bbox 825 1159 1007 1212; x_wconf 84' lang='lat' dir='ltr'><strong>apposito</strong></span> <span class='ocrx_word' id='word_1_117' title='bbox 1036 1159 1265 1212; x_wconf 86' lang='lat' dir='ltr'><strong>pronomine</strong></span> <span class='ocrx_word' id='word_1_118' title='bbox 1294 1172 1469 1213; x_wconf 83' lang='lat' dir='ltr'><strong>possess.</strong></span> <span class='ocrx_word' id='word_1_119' title='bbox 1497 1166 1713 1214; x_wconf 78' lang='lat' dir='ltr'><strong>usurpetur</strong></span> <span class='ocrx_word' id='word_1_120' title='bbox 1739 1161 1801 1210; x_wconf 93' lang='lat'>11,</span> <span class='ocrx_word' id='word_1_121' title='bbox 1831 1161 1895 1210; x_wconf 90' lang='lat'><strong>12,</strong></span> <span class='ocrx_word' id='word_1_122' title='bbox 1923 1162 1951 1202; x_wconf 91' lang='lat'>2</span> <span class='ocrx_word' id='word_1_123' title='bbox 1978 1174 2017 1214; x_wconf 89' lang='lat' dir='ltr'><strong>p.</strong></span> 
     </span>
     <span class='ocr_line' id='line_1_13' title="bbox 372 1223 2017 1281; baseline 0.002 -16"><span class='ocrx_word' id='word_1_124' title='bbox 372 1223 436 1274; x_wconf 85' lang='lat'><strong>57,</strong></span> <span class='ocrx_word' id='word_1_125' title='bbox 467 1225 519 1266; x_wconf 88' lang='lat'>14</span> <span class='ocrx_word' id='word_1_126' title='bbox 545 1224 580 1265; x_wconf 86' lang='lat' dir='ltr'><strong>is</strong></span> <span class='ocrx_word' id='word_1_127' title='bbox 609 1225 679 1279; x_wconf 84' lang='lat' dir='ltr'><strong>qui</strong></span> <span class='ocrx_word' id='word_1_128' title='bbox 705 1237 806 1279; x_wconf 86' lang='lat' dir='ltr'><strong>saepe</strong></span> <span class='ocrx_word' id='word_1_129' title='bbox 833 1224 893 1266; x_wconf 88' lang='lat' dir='ltr'><strong>vel</strong></span> <span class='ocrx_word' id='word_1_130' title='bbox 919 1231 1055 1281; x_wconf 86' lang='lat' dir='ltr'><strong>sponte</strong></span> <span class='ocrx_word' id='word_1_131' title='bbox 1081 1224 1141 1267; x_wconf 86' lang='lat' dir='ltr'><strong>vel</strong></span> <span class='ocrx_word' id='word_1_132' title='bbox 1167 1240 1262 1266; x_wconf 84' lang='lat' dir='ltr'><strong>casu</strong></span> <span class='ocrx_word' id='word_1_133' title='bbox 1283 1231 1483 1281; x_wconf 72' lang='lat' dir='ltr'><strong>purqatus</strong></span> <span class='ocrx_word' id='word_1_134' title='bbox 1509 1232 1575 1268; x_wconf 88' lang='lat' dir='ltr'><strong>est.</strong></span> <span class='ocrx_word' id='word_1_135' title='bbox 1603 1227 1686 1276; x_wconf 94' lang='lat' dir='ltr'>III,</span> <span class='ocrx_word' id='word_1_136' title='bbox 1718 1227 1769 1268; x_wconf 89' lang='lat'><strong>19</strong></span> <span class='ocrx_word' id='word_1_137' title='bbox 1793 1239 1831 1280; x_wconf 88' lang='lat' dir='ltr'><strong>p.</strong></span> <span class='ocrx_word' id='word_1_138' title='bbox 1853 1227 1944 1276; x_wconf 88' lang='grc'>103,</span> <span class='ocrx_word' id='word_1_139' title='bbox 1964 1227 2017 1267; x_wconf 86' lang='grc'><strong>34</strong></span> 
     </span>
     <span class='ocr_line' id='line_1_14' title="bbox 371 1289 2016 1347; baseline 0.001 -15"><span class='ocrx_word' id='word_1_140' title='bbox 371 1298 406 1332; x_wconf 89' lang='lat' dir='ltr'><strong>et</strong></span> <span class='ocrx_word' id='word_1_141' title='bbox 433 1297 521 1332; x_wconf 86' lang='lat' dir='ltr'><strong>ante</strong></span> <span class='ocrx_word' id='word_1_142' title='bbox 548 1289 678 1331; x_wconf 86' lang='lat' dir='ltr'><strong>cibum</strong></span> <span class='ocrx_word' id='word_1_143' title='bbox 705 1297 740 1331; x_wconf 92' lang='lat' dir='ltr'><strong>et</strong></span> <span class='ocrx_word' id='word_1_144' title='bbox 761 1297 855 1346; x_wconf 88' lang='lat' dir='ltr'><strong>post</strong></span> <span class='ocrx_word' id='word_1_145' title='bbox 882 1305 971 1332; x_wconf 83' lang='lat' dir='ltr'><strong>eum</strong></span> <span class='ocrx_word' id='word_1_146' title='bbox 998 1298 1135 1347; x_wconf 86' lang='lat' dir='ltr'><strong>sponte</strong></span> <span class='ocrx_word' id='word_1_147' title='bbox 1163 1305 1315 1334; x_wconf 85' lang='lat' dir='ltr'><strong>vomere</strong></span> <span class='ocrx_word' id='word_1_148' title='bbox 1343 1297 1502 1347; x_wconf 76' lang='lat' dir='ltr'><strong>oportet.</strong></span> <span class='ocrx_word' id='word_1_149' title='bbox 1535 1292 1591 1342; x_wconf 88' lang='lat' dir='ltr'><strong>V,</strong></span> <span class='ocrx_word' id='word_1_150' title='bbox 1619 1292 1686 1342; x_wconf 88' lang='lat'><strong>26,</strong></span> <span class='ocrx_word' id='word_1_151' title='bbox 1715 1292 1769 1334; x_wconf 86' lang='lat'><strong>26</strong></span> <span class='ocrx_word' id='word_1_152' title='bbox 1795 1294 1861 1334; x_wconf 85' lang='lat' dir='ltr'><strong>fin.</strong></span> <span class='ocrx_word' id='word_1_153' title='bbox 1890 1293 2016 1334; x_wconf 87' lang='lat' dir='ltr'><strong>Vete-</strong></span> 
     </span>
     <span class='ocr_line' id='line_1_15' title="bbox 370 1357 2015 1415; baseline 0.002 -18"><span class='ocrx_word' id='word_1_154' title='bbox 370 1370 431 1397; x_wconf 85' lang='lat' dir='ltr'><strong>res</strong></span> <span class='ocrx_word' id='word_1_155' title='bbox 460 1357 602 1398; x_wconf 85' lang='lat' dir='ltr'><strong>solutae</strong></span> <span class='ocrx_word' id='word_1_156' title='bbox 632 1357 821 1398; x_wconf 86' lang='lat' dir='ltr'><strong>orationis</strong></span> <span class='ocrx_word' id='word_1_157' title='bbox 849 1358 1060 1411; x_wconf 86' lang='lat' dir='ltr'><strong>scriptores</strong></span> <span class='ocrx_word' id='word_1_158' title='bbox 1089 1371 1302 1411; x_wconf 88' lang='lat' dir='ltr'><strong>pronomen</strong></span> <span class='ocrx_word' id='word_1_159' title='bbox 1330 1363 1546 1411; x_wconf 83' lang='lat' dir='ltr'><strong>apponunt.</strong></span> <span class='ocrx_word' id='word_1_160' title='bbox 1603 1358 1814 1400; x_wconf 88' lang='lat' dir='ltr'><strong>Genitivus</strong></span> <span class='ocrx_word' id='word_1_161' title='bbox 1841 1359 2015 1415; x_wconf 85' lang='lat' dir='ltr'><strong>spontis,</strong></span> 
     </span>
     <span class='ocr_line' id='line_1_16' title="bbox 371 1423 2015 1477; baseline 0.002 -14"><span class='ocrx_word' id='word_1_162' title='bbox 371 1424 436 1476; x_wconf 91' lang='lat' dir='ltr'><strong>qui</strong></span> <span class='ocrx_word' id='word_1_163' title='bbox 466 1424 571 1476; x_wconf 84' lang='lat' dir='ltr'><strong>apud</strong></span> <span class='ocrx_word' id='word_1_164' title='bbox 601 1423 820 1464; x_wconf 80' lang='lat' dir='ltr'><strong>Varronem</strong></span> <span class='ocrx_word' id='word_1_165' title='bbox 849 1429 888 1465; x_wconf 87' lang='lat' dir='ltr'><strong>et</strong></span> <span class='ocrx_word' id='word_1_166' title='bbox 925 1424 1183 1465; x_wconf 78' lang='lat' dir='ltr'><strong>Columellam</strong></span> <span class='ocrx_word' id='word_1_167' title='bbox 1220 1429 1373 1473; x_wconf 84' lang='lat' dir='ltr'><strong>exstat,</strong></span> <span class='ocrx_word' id='word_1_168' title='bbox 1417 1425 1522 1477; x_wconf 84' lang='lat' dir='ltr'><strong>apud</strong></span> <span class='ocrx_word' id='word_1_169' title='bbox 1559 1424 1718 1467; x_wconf 82' lang='lat' dir='ltr'><strong>Celsum</strong></span> <span class='ocrx_word' id='word_1_170' title='bbox 1753 1431 1815 1467; x_wconf 87' lang='lat' dir='ltr'><strong>est</strong></span> <span class='ocrx_word' id='word_1_171' title='bbox 1841 1426 1880 1475; x_wconf 85' lang='grc' dir='ltr'>Ι,</span> <span class='ocrx_word' id='word_1_172' title='bbox 1911 1426 1930 1466; x_wconf 97' lang='lat'>1</span> <span class='ocrx_word' id='word_1_173' title='bbox 1961 1425 2015 1466; x_wconf 90' lang='lat' dir='ltr'><strong>in.</strong></span> 
     </span>
     <span class='ocr_line' id='line_1_17' title="bbox 367 1482 2016 1547; baseline 0.002 -17"><span class='ocrx_word' id='word_1_174' title='bbox 367 1482 503 1530; x_wconf 80' lang='lat' dir='ltr'><strong>Sanus</strong></span> <span class='ocrx_word' id='word_1_175' title='bbox 530 1489 656 1539; x_wconf 76' lang='lat' dir='ltr'><strong>homo,</strong></span> <span class='ocrx_word' id='word_1_176' title='bbox 684 1488 756 1544; x_wconf 83' lang='lat' dir='ltr'><strong>qui</strong></span> <span class='ocrx_word' id='word_1_177' title='bbox 781 1495 817 1531; x_wconf 89' lang='lat' dir='ltr'><strong>et</strong></span> <span class='ocrx_word' id='word_1_178' title='bbox 844 1489 937 1532; x_wconf 86' lang='lat' dir='ltr'><strong>bene</strong></span> <span class='ocrx_word' id='word_1_179' title='bbox 964 1489 1064 1532; x_wconf 85' lang='lat' dir='ltr'><strong>valet</strong></span> <span class='ocrx_word' id='word_1_180' title='bbox 1091 1496 1126 1531; x_wconf 84' lang='lat' dir='ltr'><strong>et</strong></span> <span class='ocrx_word' id='word_1_181' title='bbox 1153 1503 1234 1531; x_wconf 84' lang='lat' dir='ltr'><strong>suoe</strong></span> <span class='ocrx_word' id='word_1_182' title='bbox 1261 1489 1413 1546; x_wconf 85' lang='lat' dir='ltr'><strong>spontis</strong></span> <span class='ocrx_word' id='word_1_183' title='bbox 1441 1496 1515 1540; x_wconf 86' lang='lat' dir='ltr'><strong>est,</strong></span> <span class='ocrx_word' id='word_1_184' title='bbox 1543 1489 1664 1533; x_wconf 81' lang='lat' dir='ltr'><strong>nullis</strong></span> <span class='ocrx_word' id='word_1_185' title='bbox 1691 1489 1864 1547; x_wconf 72' lang='lat' dir='ltr'><strong>obliyare</strong></span> <span class='ocrx_word' id='word_1_186' title='bbox 1890 1504 1932 1533; x_wconf 80' lang='lat' dir='ltr'><strong>se</strong></span> <span class='ocrx_word' id='word_1_187' title='bbox 1958 1489 2016 1534; x_wconf 82' lang='lat' dir='ltr'><strong>le-</strong></span> 
     </span>
     <span class='ocr_line' id='line_1_18' title="bbox 364 1554 631 1611; baseline 0.004 -15"><span class='ocrx_word' id='word_1_188' title='bbox 364 1554 482 1611; x_wconf 74' lang='lat' dir='ltr'><strong>qibus</strong></span> <span class='ocrx_word' id='word_1_189' title='bbox 508 1554 631 1597; x_wconf 84' lang='lat' dir='ltr'><strong>debet.</strong></span> 
     </span>
    </p>

    <p class='ocr_par' dir='ltr' id='par_1_6' title="bbox 366 1620 2015 2008">
     <span class='ocr_line' id='line_1_19' title="bbox 476 1620 2015 1676; baseline 0.001 -13"><span class='ocrx_word' id='word_1_190' title='bbox 476 1621 510 1663; x_wconf 91' lang='lat' dir='ltr'><strong><em>S</em></strong></span> <span class='ocrx_word' id='word_1_191' title='bbox 518 1620 661 1663; x_wconf 83' lang='lat' dir='ltr'><strong>ubire</strong></span> <span class='ocrx_word' id='word_1_192' title='bbox 689 1622 886 1663; x_wconf 80' lang='lat' dir='ltr'><strong>translata.</strong></span> <span class='ocrx_word' id='word_1_193' title='bbox 912 1621 1197 1675; x_wconf 83' lang='lat' dir='ltr'><strong>significatione</strong></span> <span class='ocrx_word' id='word_1_194' title='bbox 1227 1623 1309 1672; x_wconf 96' lang='lat' dir='ltr'>III,</span> <span class='ocrx_word' id='word_1_195' title='bbox 1338 1622 1364 1664; x_wconf 90' lang='lat'><strong>6</strong></span> <span class='ocrx_word' id='word_1_196' title='bbox 1391 1637 1429 1676; x_wconf 90' lang='lat' dir='ltr'><strong>p.</strong></span> <span class='ocrx_word' id='word_1_197' title='bbox 1458 1622 1524 1672; x_wconf 88' lang='lat'><strong>85,</strong></span> <span class='ocrx_word' id='word_1_198' title='bbox 1552 1623 1606 1664; x_wconf 86' lang='lat'><strong>33</strong></span> <span class='ocrx_word' id='word_1_199' title='bbox 1641 1636 1748 1665; x_wconf 86' lang='lat' dir='ltr'><strong>venae</strong></span> <span class='ocrx_word' id='word_1_200' title='bbox 1780 1622 1945 1665; x_wconf 83' lang='lat' dir='ltr'><strong>subeunt</strong></span> <span class='ocrx_word' id='word_1_201' title='bbox 1979 1629 2015 1665; x_wconf 91' lang='lat' dir='ltr'><strong>et</strong></span> 
     </span>
     <span class='ocr_line' id='line_1_20' title="bbox 368 1687 2014 1744; baseline 0.002 -16"><span class='ocrx_word' id='word_1_202' title='bbox 368 1687 571 1743; x_wconf 81' lang='lat' dir='ltr'><strong>quiescunt</strong></span> <span class='ocrx_word' id='word_1_203' title='bbox 599 1687 646 1743; x_wconf 86' lang='lat' dir='ltr'><strong>(i.</strong></span> <span class='ocrx_word' id='word_1_204' title='bbox 675 1701 711 1728; x_wconf 84' lang='lat' dir='ltr'><strong>a.</strong></span> <span class='ocrx_word' id='word_1_205' title='bbox 741 1701 784 1728; x_wconf 89' lang='lat' dir='ltr'><strong>se</strong></span> <span class='ocrx_word' id='word_1_206' title='bbox 812 1689 1072 1738; x_wconf 87' lang='lat' dir='ltr'><strong>submittunt,</strong></span> <span class='ocrx_word' id='word_1_207' title='bbox 1100 1689 1323 1744; x_wconf 84' lang='lat' dir='ltr'><strong>sedantur).</strong></span> <span class='ocrx_word' id='word_1_208' title='bbox 1379 1689 1542 1731; x_wconf 82' lang='lat' dir='ltr'><strong>Nullum</strong></span> <span class='ocrx_word' id='word_1_209' title='bbox 1571 1690 1696 1730; x_wconf 88' lang='lat' dir='ltr'><strong>simile</strong></span> <span class='ocrx_word' id='word_1_210' title='bbox 1714 1689 1933 1743; x_wconf 87' lang='lat' dir='ltr'><strong>exemplum</strong></span> <span class='ocrx_word' id='word_1_211' title='bbox 1953 1691 2014 1731; x_wconf 77' lang='lat' dir='ltr'><strong>af·</strong></span> 
     </span>
     <span class='ocr_line' id='line_1_21' title="bbox 370 1753 2013 1809; baseline 0.002 -15"><span class='ocrx_word' id='word_1_212' title='bbox 370 1756 502 1794; x_wconf 85' lang='lat' dir='ltr'><strong>ferunt</strong></span> <span class='ocrx_word' id='word_1_213' title='bbox 532 1754 669 1796; x_wconf 81' lang='lat' dir='ltr'><strong>lexica.</strong></span> <span class='ocrx_word' id='word_1_214' title='bbox 725 1753 866 1795; x_wconf 90' lang='lat' dir='ltr'><strong>Altero</strong></span> <span class='ocrx_word' id='word_1_215' title='bbox 909 1768 1060 1809; x_wconf 89' lang='lat' dir='ltr'><strong>quoque</strong></span> <span class='ocrx_word' id='word_1_216' title='bbox 1103 1755 1188 1796; x_wconf 94' lang='lat' dir='ltr'><strong>loco</strong></span> <span class='ocrx_word' id='word_1_217' title='bbox 1230 1756 1460 1797; x_wconf 89' lang='lat' dir='ltr'><strong>insolentius</strong></span> <span class='ocrx_word' id='word_1_218' title='bbox 1491 1755 1566 1797; x_wconf 90' lang='lat' dir='ltr'><strong>hoc</strong></span> <span class='ocrx_word' id='word_1_219' title='bbox 1592 1756 1755 1797; x_wconf 89' lang='lat' dir='ltr'><strong>verbum</strong></span> <span class='ocrx_word' id='word_1_220' title='bbox 1783 1761 2013 1809; x_wconf 80' lang='lat' dir='ltr'><strong>usurpatum</strong></span> 
     </span>
     <span class='ocr_line' id='line_1_22' title="bbox 369 1819 2014 1879; baseline 0.002 -19"><span class='ocrx_word' id='word_1_221' title='bbox 369 1826 433 1861; x_wconf 90' lang='lat' dir='ltr'><strong>est</strong></span> <span class='ocrx_word' id='word_1_222' title='bbox 461 1821 514 1870; x_wconf 92' lang='lat' dir='ltr'><strong>V,</strong></span> <span class='ocrx_word' id='word_1_223' title='bbox 543 1819 619 1870; x_wconf 89' lang='grc'><strong>26,</strong></span> <span class='ocrx_word' id='word_1_224' title='bbox 650 1821 694 1861; x_wconf 83' lang='lat'>1:</span> <span class='ocrx_word' id='word_1_225' title='bbox 724 1819 802 1862; x_wconf 85' lang='lat' dir='ltr'><strong>Est</strong></span> <span class='ocrx_word' id='word_1_226' title='bbox 829 1822 934 1862; x_wconf 86' lang='lat' dir='ltr'><strong>enim</strong></span> <span class='ocrx_word' id='word_1_227' title='bbox 956 1821 1170 1877; x_wconf 83' lang='lat' dir='ltr'><strong>prudentis</strong></span> <span class='ocrx_word' id='word_1_228' title='bbox 1199 1821 1370 1863; x_wconf 77' lang='lat' dir='ltr'><strong>hominis</strong></span> <span class='ocrx_word' id='word_1_229' title='bbox 1393 1822 1574 1877; x_wconf 84' lang='lat' dir='ltr'><strong>primum</strong></span> <span class='ocrx_word' id='word_1_230' title='bbox 1602 1836 1710 1872; x_wconf 87' lang='lat' dir='ltr'><strong>eum,</strong></span> <span class='ocrx_word' id='word_1_231' title='bbox 1751 1822 1822 1879; x_wconf 82' lang='lat' dir='ltr'><strong>qui</strong></span> <span class='ocrx_word' id='word_1_232' title='bbox 1860 1822 2014 1864; x_wconf 82' lang='lat' dir='ltr'><strong>servari</strong></span> 
     </span>
     <span class='ocr_line' id='line_1_23' title="bbox 367 1887 2013 1945; baseline 0.001 -18"><span class='ocrx_word' id='word_1_233' title='bbox 367 1900 447 1928; x_wconf 87' lang='lat' dir='ltr'><strong>non</strong></span> <span class='ocrx_word' id='word_1_234' title='bbox 468 1893 614 1942; x_wconf 86' lang='lat' dir='ltr'><strong>potest,</strong></span> <span class='ocrx_word' id='word_1_235' title='bbox 655 1901 734 1928; x_wconf 87' lang='lat' dir='ltr'><strong>non</strong></span> <span class='ocrx_word' id='word_1_236' title='bbox 762 1887 953 1943; x_wconf 75' lang='lat' dir='ltr'><strong>attinyere</strong></span> <span class='ocrx_word' id='word_1_237' title='bbox 980 1901 1049 1929; x_wconf 87' lang='lat' dir='ltr'><strong>nec</strong></span> <span class='ocrx_word' id='word_1_238' title='bbox 1076 1887 1208 1929; x_wconf 84' lang='lat' dir='ltr'><strong>subire</strong></span> <span class='ocrx_word' id='word_1_239' title='bbox 1235 1887 1404 1944; x_wconf 85' lang='lat' dir='ltr'><strong>speciem</strong></span> <span class='ocrx_word' id='word_1_240' title='bbox 1431 1889 1516 1945; x_wconf 86' lang='lat' dir='ltr'><strong>ejus</strong></span> <span class='ocrx_word' id='word_1_241' title='bbox 1543 1894 1587 1929; x_wconf 84' lang='lat' dir='ltr'><strong>ut</strong></span> <span class='ocrx_word' id='word_1_242' title='bbox 1611 1888 1744 1938; x_wconf 86' lang='lat' dir='ltr'><strong>occisi,</strong></span> <span class='ocrx_word' id='word_1_243' title='bbox 1785 1901 1900 1944; x_wconf 81' lang='lat' dir='ltr'><strong>quem</strong></span> <span class='ocrx_word' id='word_1_244' title='bbox 1926 1901 2013 1929; x_wconf 85' lang='lat' dir='ltr'><strong>sors</strong></span> 
     </span>
     <span class='ocr_line' id='line_1_24' title="bbox 366 1952 1431 2008; baseline 0.004 -16"><span class='ocrx_word' id='word_1_245' title='bbox 366 1953 495 2008; x_wconf 78' lang='lat' dir='ltr'><strong>ipsius</strong></span> <span class='ocrx_word' id='word_1_246' title='bbox 522 1952 728 1995; x_wconf 78' lang='lat' dir='ltr'><strong>interemit.</strong></span> <span class='ocrx_word' id='word_1_247' title='bbox 785 1954 855 1995; x_wconf 88' lang='lat' dir='ltr'><strong>Cfr</strong></span> <span class='ocrx_word' id='word_1_248' title='bbox 881 1953 1013 1995; x_wconf 86' lang='lat' dir='ltr'><strong>subire</strong></span> <span class='ocrx_word' id='word_1_249' title='bbox 1040 1953 1253 2003; x_wconf 79' lang='lat' dir='ltr'><strong>invidiam,</strong></span> <span class='ocrx_word' id='word_1_250' title='bbox 1282 1954 1431 1996; x_wconf 85' lang='lat' dir='ltr'><strong>odium.</strong></span> 
     </span>
    </p>

    <p class='ocr_par' dir='ltr' id='par_1_7' title="bbox 365 2017 2012 2206">
     <span class='ocr_line' id='line_1_25' title="bbox 473 2017 2012 2076; baseline 0.001 -16"><span class='ocrx_word' id='word_1_251' title='bbox 473 2018 508 2060; x_wconf 87' lang='lat' dir='ltr'><strong><em>S</em></strong></span> <span class='ocrx_word' id='word_1_252' title='bbox 514 2017 797 2061; x_wconf 73' lang='lat' dir='ltr'><strong>abscribere</strong></span> <span class='ocrx_word' id='word_1_253' title='bbox 824 2020 1016 2061; x_wconf 85' lang='lat' dir='ltr'><strong>translate</strong></span> <span class='ocrx_word' id='word_1_254' title='bbox 1044 2021 1070 2061; x_wconf 90' lang='lat' dir='ltr'><strong>i.</strong></span> <span class='ocrx_word' id='word_1_255' title='bbox 1086 2033 1118 2061; x_wconf 89' lang='lat' dir='ltr'><strong>s.</strong></span> <span class='ocrx_word' id='word_1_256' title='bbox 1135 2034 1172 2074; x_wconf 91' lang='lat' dir='ltr'><strong>q.</strong></span> <span class='ocrx_word' id='word_1_257' title='bbox 1201 2019 1404 2075; x_wconf 69' lang='lat' dir='ltr'><strong>indulyere</strong></span> <span class='ocrx_word' id='word_1_258' title='bbox 1430 2021 1516 2070; x_wconf 91' lang='lat' dir='ltr'><strong>III,</strong></span> <span class='ocrx_word' id='word_1_259' title='bbox 1535 2021 1563 2062; x_wconf 91' lang='lat'>4</span> <span class='ocrx_word' id='word_1_260' title='bbox 1581 2034 1618 2074; x_wconf 87' lang='lat' dir='ltr'><strong>p.</strong></span> <span class='ocrx_word' id='word_1_261' title='bbox 1638 2017 1693 2062; x_wconf 78' lang='lat'><strong>79</strong></span> <span class='ocrx_word' id='word_1_262' title='bbox 1711 2019 1764 2062; x_wconf 90' lang='lat' dir='ltr'><strong>in.</strong></span> <span class='ocrx_word' id='word_1_263' title='bbox 1784 2018 2012 2076; x_wconf 83' lang='lat' dir='ltr'><strong>(Asclepia-</strong></span> 
     </span>
     <span class='ocr_line' id='line_1_26' title="bbox 365 2084 2011 2143; baseline 0.002 -18"><span class='ocrx_word' id='word_1_264' title='bbox 365 2085 452 2138; x_wconf 82' lang='lat' dir='ltr'><strong>des)</strong></span> <span class='ocrx_word' id='word_1_265' title='bbox 481 2084 731 2127; x_wconf 80' lang='lat' dir='ltr'><strong>ulterioribus</strong></span> <span class='ocrx_word' id='word_1_266' title='bbox 759 2087 921 2142; x_wconf 83' lang='lat' dir='ltr'><strong>quidem</strong></span> <span class='ocrx_word' id='word_1_267' title='bbox 949 2085 1088 2127; x_wconf 84' lang='lat' dir='ltr'><strong>diebus</strong></span> <span class='ocrx_word' id='word_1_268' title='bbox 1115 2085 1294 2127; x_wconf 71' lang='lat' dir='ltr'><strong>wbantis</strong></span> <span class='ocrx_word' id='word_1_269' title='bbox 1321 2088 1438 2128; x_wconf 90' lang='lat' dir='ltr'><strong>etiam</strong></span> <span class='ocrx_word' id='word_1_270' title='bbox 1466 2086 1637 2128; x_wconf 68' lang='lat' dir='ltr'><strong>luxuriae</strong></span> <span class='ocrx_word' id='word_1_271' title='bbox 1649 2085 1894 2143; x_wconf 80' lang='lat' dir='ltr'><strong>subscripsit,</strong></span> <span class='ocrx_word' id='word_1_272' title='bbox 1914 2087 2011 2143; x_wconf 88' lang='lat' dir='ltr'><strong>pri-</strong></span> 
     </span>
     <span class='ocr_line' id='line_1_27' title="bbox 366 2151 1827 2206; baseline 0.001 -14"><span class='ocrx_word' id='word_1_273' title='bbox 366 2151 443 2192; x_wconf 83' lang='lat' dir='ltr'><strong>mis</strong></span> <span class='ocrx_word' id='word_1_274' title='bbox 470 2165 561 2192; x_wconf 85' lang='lat' dir='ltr'><strong>vero</strong></span> <span class='ocrx_word' id='word_1_275' title='bbox 590 2153 750 2194; x_wconf 83' lang='lat' dir='ltr'><strong>tortoris</strong></span> <span class='ocrx_word' id='word_1_276' title='bbox 777 2154 899 2194; x_wconf 83' lang='lat' dir='ltr'><strong>vicem</strong></span> <span class='ocrx_word' id='word_1_277' title='bbox 927 2151 1115 2194; x_wconf 73' lang='lat' dir='ltr'><strong>eoehibuit.</strong></span> <span class='ocrx_word' id='word_1_278' title='bbox 1173 2153 1240 2194; x_wconf 89' lang='lat' dir='ltr'><strong>Sic</strong></span> <span class='ocrx_word' id='word_1_279' title='bbox 1269 2153 1389 2194; x_wconf 76' lang='lat' dir='ltr'><strong>etiam</strong></span> <span class='ocrx_word' id='word_1_280' title='bbox 1418 2154 1528 2200; x_wconf 81' lang='lat' dir='ltr'><strong>Liv..</strong></span> <span class='ocrx_word' id='word_1_281' title='bbox 1558 2153 1662 2202; x_wconf 88' lang='lat' dir='ltr'><strong>Col.,</strong></span> <span class='ocrx_word' id='word_1_282' title='bbox 1689 2158 1827 2206; x_wconf 84' lang='lat' dir='ltr'><strong>poetae.</strong></span> 
     </span>
    </p>

    <p class='ocr_par' dir='ltr' id='par_1_8' title="bbox 366 2217 2011 2474">
     <span class='ocr_line' id='line_1_28' title="bbox 473 2217 2011 2273; baseline 0 -13"><span class='ocrx_word' id='word_1_283' title='bbox 473 2217 717 2260; x_wconf 84' lang='lat' dir='ltr'><strong>Substare</strong></span> <span class='ocrx_word' id='word_1_284' title='bbox 743 2219 784 2259; x_wconf 93' lang='lat' dir='ltr'><strong>in</strong></span> <span class='ocrx_word' id='word_1_285' title='bbox 813 2219 1020 2272; x_wconf 81' lang='lat' dir='ltr'><strong>participio</strong></span> <span class='ocrx_word' id='word_1_286' title='bbox 1050 2231 1165 2272; x_wconf 87' lang='lat' dir='ltr'><strong>praes.</strong></span> <span class='ocrx_word' id='word_1_287' title='bbox 1194 2218 1334 2260; x_wconf 88' lang='lat' dir='ltr'><strong>Celsus</strong></span> <span class='ocrx_word' id='word_1_288' title='bbox 1363 2220 1420 2260; x_wconf 83' lang='lat' dir='ltr'><strong>ita</strong></span> <span class='ocrx_word' id='word_1_289' title='bbox 1448 2225 1629 2273; x_wconf 85' lang='lat' dir='ltr'><strong>usurpat,</strong></span> <span class='ocrx_word' id='word_1_290' title='bbox 1658 2225 1704 2260; x_wconf 91' lang='lat' dir='ltr'><strong>ut</strong></span> <span class='ocrx_word' id='word_1_291' title='bbox 1730 2219 1835 2261; x_wconf 89' lang='lat' dir='ltr'><strong>idem</strong></span> <span class='ocrx_word' id='word_1_292' title='bbox 1863 2218 1919 2260; x_wconf 87' lang='lat' dir='ltr'><strong>sit</strong></span> <span class='ocrx_word' id='word_1_293' title='bbox 1945 2223 2011 2260; x_wconf 77' lang='lat' dir='ltr'><strong>at-</strong></span> 
     </span>
     <span class='ocr_line' id='line_1_29' title="bbox 368 2280 2010 2339; baseline 0.001 -13"><span class='ocrx_word' id='word_1_294' title='bbox 368 2297 441 2338; x_wconf 90' lang='lat' dir='ltr'><strong>que</strong></span> <span class='ocrx_word' id='word_1_295' title='bbox 470 2283 647 2334; x_wconf 83' lang='lat' dir='ltr'><strong>subesse3</strong></span> <span class='ocrx_word' id='word_1_296' title='bbox 674 2285 713 2326; x_wconf 90' lang='lat' dir='ltr'><strong>id</strong></span> <span class='ocrx_word' id='word_1_297' title='bbox 743 2286 844 2339; x_wconf 89' lang='lat' dir='ltr'><strong>quod</strong></span> <span class='ocrx_word' id='word_1_298' title='bbox 874 2285 980 2338; x_wconf 83' lang='lat' dir='ltr'><strong>apud</strong></span> <span class='ocrx_word' id='word_1_299' title='bbox 1010 2285 1162 2326; x_wconf 88' lang='lat' dir='ltr'><strong>nullum</strong></span> <span class='ocrx_word' id='word_1_300' title='bbox 1191 2285 1310 2327; x_wconf 84' lang='lat' dir='ltr'><strong>alium</strong></span> <span class='ocrx_word' id='word_1_301' title='bbox 1338 2285 1569 2339; x_wconf 84' lang='lat' dir='ltr'><strong>scriptorem</strong></span> <span class='ocrx_word' id='word_1_302' title='bbox 1598 2285 1680 2327; x_wconf 88' lang='lat' dir='ltr'><strong>fieri</strong></span> <span class='ocrx_word' id='word_1_303' title='bbox 1708 2285 1872 2327; x_wconf 85' lang='lat' dir='ltr'><strong>videtur.</strong></span> <span class='ocrx_word' id='word_1_304' title='bbox 1900 2285 1956 2335; x_wconf 89' lang='lat'>11,</span> <span class='ocrx_word' id='word_1_305' title='bbox 1983 2280 2010 2326; x_wconf 82' lang='grc'><strong>7</strong></span> 
     </span>
     <span class='ocr_line' id='line_1_30' title="bbox 367 2349 2008 2406; baseline 0.001 -15"><span class='ocrx_word' id='word_1_306' title='bbox 367 2364 405 2404; x_wconf 89' lang='lat' dir='ltr'><strong>p.</strong></span> <span class='ocrx_word' id='word_1_307' title='bbox 435 2351 509 2401; x_wconf 88' lang='lat'><strong>42,</strong></span> <span class='ocrx_word' id='word_1_308' title='bbox 542 2350 591 2392; x_wconf 88' lang='grc'><strong>19</strong></span> <span class='ocrx_word' id='word_1_309' title='bbox 620 2350 727 2392; x_wconf 74' lang='lat' dir='ltr'><strong>nullo</strong></span> <span class='ocrx_word' id='word_1_310' title='bbox 755 2350 888 2393; x_wconf 85' lang='lat' dir='ltr'><strong>dolore</strong></span> <span class='ocrx_word' id='word_1_311' title='bbox 916 2350 1125 2393; x_wconf 83' lang='lat' dir='ltr'><strong>substante.</strong></span> <span class='ocrx_word' id='word_1_312' title='bbox 1153 2352 1215 2400; x_wconf 91' lang='grc' dir='ltr'>Π,</span> <span class='ocrx_word' id='word_1_313' title='bbox 1247 2352 1297 2392; x_wconf 87' lang='grc'><strong>12</strong></span> <span class='ocrx_word' id='word_1_314' title='bbox 1324 2365 1362 2406; x_wconf 90' lang='lat' dir='ltr'><strong>p.</strong></span> <span class='ocrx_word' id='word_1_315' title='bbox 1391 2349 1459 2402; x_wconf 77' lang='lat'><strong>5⁹7,</strong></span> <span class='ocrx_word' id='word_1_316' title='bbox 1492 2350 1554 2394; x_wconf 90' lang='grc'><strong>16.</strong></span> <span class='ocrx_word' id='word_1_317' title='bbox 1583 2352 1659 2402; x_wconf 77' lang='grc' dir='ltr'>Ἦ,</span> <span class='ocrx_word' id='word_1_318' title='bbox 1690 2351 1741 2393; x_wconf 88' lang='grc'><strong>10</strong></span> <span class='ocrx_word' id='word_1_319' title='bbox 1767 2364 1804 2405; x_wconf 90' lang='lat' dir='ltr'><strong>p.</strong></span> <span class='ocrx_word' id='word_1_320' title='bbox 1819 2351 1916 2400; x_wconf 83' lang='lat'>248,</span> <span class='ocrx_word' id='word_1_321' title='bbox 1947 2350 2008 2392; x_wconf 87' lang='lat'><strong>16.</strong></span> 
     </span>
     <span class='ocr_line' id='line_1_31' title="bbox 366 2416 1685 2474; baseline 0 -16"><span class='ocrx_word' id='word_1_322' title='bbox 366 2418 449 2466; x_wconf 90' lang='grc' dir='ltr'>ΙΙΙ,</span> <span class='ocrx_word' id='word_1_323' title='bbox 477 2417 531 2458; x_wconf 87' lang='grc'><strong>24</strong></span> <span class='ocrx_word' id='word_1_324' title='bbox 558 2417 611 2458; x_wconf 90' lang='lat' dir='ltr'><strong>in.</strong></span> <span class='ocrx_word' id='word_1_325' title='bbox 641 2416 823 2458; x_wconf 83' lang='lat' dir='ltr'><strong>mollibus</strong></span> <span class='ocrx_word' id='word_1_326' title='bbox 850 2417 1122 2459; x_wconf 83' lang='lat' dir='ltr'><strong>tantummodo</strong></span> <span class='ocrx_word' id='word_1_327' title='bbox 1143 2418 1381 2474; x_wconf 66' lang='lat' dir='ltr'><strong>praecordiis</strong></span> <span class='ocrx_word' id='word_1_328' title='bbox 1407 2417 1685 2460; x_wconf 81' lang='lat' dir='ltr'><strong>substantibus.</strong></span> 
     </span>
    </p>

    <p class='ocr_par' dir='ltr' id='par_1_9' title="bbox 369 2482 2007 2605">
     <span class='ocr_line' id='line_1_32' title="bbox 473 2482 2007 2539; baseline 0 -15"><span class='ocrx_word' id='word_1_329' title='bbox 473 2482 825 2539; x_wconf 86' lang='lat' dir='ltr'><strong>Supervacuus</strong></span> <span class='ocrx_word' id='word_1_330' title='bbox 867 2484 1010 2525; x_wconf 88' lang='lat' dir='ltr'><strong>Celsus</strong></span> <span class='ocrx_word' id='word_1_331' title='bbox 1053 2484 1270 2538; x_wconf 86' lang='lat' dir='ltr'><strong>saepissime</strong></span> <span class='ocrx_word' id='word_1_332' title='bbox 1311 2484 1452 2534; x_wconf 80' lang='lat' dir='ltr'><strong>habet,</strong></span> <span class='ocrx_word' id='word_1_333' title='bbox 1493 2489 1539 2526; x_wconf 90' lang='lat' dir='ltr'><strong>ut</strong></span> <span class='ocrx_word' id='word_1_334' title='bbox 1571 2484 1661 2526; x_wconf 81' lang='lat' dir='ltr'><strong>Liv.</strong></span> <span class='ocrx_word' id='word_1_335' title='bbox 1689 2489 1731 2526; x_wconf 90' lang='lat' dir='ltr'><strong>et</strong></span> <span class='ocrx_word' id='word_1_336' title='bbox 1762 2482 2007 2538; x_wconf 86' lang='lat' dir='ltr'><strong>posteriores.</strong></span> 
     </span>
     <span class='ocr_line' id='line_1_33' title="bbox 369 2548 1843 2605; baseline 0 -14"><span class='ocrx_word' id='word_1_337' title='bbox 369 2548 716 2605; x_wconf 84' lang='lat' dir='ltr'><strong>Supervacaneus,</strong></span> <span class='ocrx_word' id='word_1_338' title='bbox 746 2563 825 2603; x_wconf 82' lang='lat' dir='ltr'><strong>qua</strong></span> <span class='ocrx_word' id='word_1_339' title='bbox 853 2551 980 2591; x_wconf 78' lang='lat' dir='ltr'><strong>forma</strong></span> <span class='ocrx_word' id='word_1_340' title='bbox 1008 2550 1143 2592; x_wconf 88' lang='lat' dir='ltr'><strong>Cicero</strong></span> <span class='ocrx_word' id='word_1_341' title='bbox 1171 2550 1316 2599; x_wconf 89' lang='lat' dir='ltr'><strong>utitur,</strong></span> <span class='ocrx_word' id='word_1_342' title='bbox 1345 2551 1450 2604; x_wconf 86' lang='lat' dir='ltr'><strong>apud</strong></span> <span class='ocrx_word' id='word_1_343' title='bbox 1479 2550 1636 2592; x_wconf 86' lang='lat' dir='ltr'><strong>Celsum</strong></span> <span class='ocrx_word' id='word_1_344' title='bbox 1665 2563 1743 2591; x_wconf 90' lang='lat' dir='ltr'><strong>non</strong></span> <span class='ocrx_word' id='word_1_345' title='bbox 1772 2554 1843 2591; x_wconf 87' lang='lat' dir='ltr'><strong>est.</strong></span> 
     </span>
    </p>

    <p class='ocr_par' dir='ltr' id='par_1_10' title="bbox 362 2614 2008 2804">
     <span class='ocr_line' id='line_1_34' title="bbox 473 2614 2007 2671; baseline 0 -15"><span class='ocrx_word' id='word_1_346' title='bbox 473 2614 828 2671; x_wconf 76' lang='lat' dir='ltr'><strong>supervenire,</strong></span> <span class='ocrx_word' id='word_1_347' title='bbox 870 2629 949 2670; x_wconf 82' lang='lat' dir='ltr'><strong>qua</strong></span> <span class='ocrx_word' id='word_1_348' title='bbox 983 2629 1079 2658; x_wconf 88' lang='lat' dir='ltr'><strong>voce</strong></span> <span class='ocrx_word' id='word_1_349' title='bbox 1107 2621 1271 2658; x_wconf 89' lang='lat' dir='ltr'><strong>utuntur</strong></span> <span class='ocrx_word' id='word_1_350' title='bbox 1298 2617 1386 2658; x_wconf 86' lang='lat' dir='ltr'><strong>Liv.</strong></span> <span class='ocrx_word' id='word_1_351' title='bbox 1416 2623 1459 2658; x_wconf 88' lang='lat' dir='ltr'><strong>et</strong></span> <span class='ocrx_word' id='word_1_352' title='bbox 1486 2617 1722 2658; x_wconf 85' lang='lat' dir='ltr'><strong>recentiores</strong></span> <span class='ocrx_word' id='word_1_353' title='bbox 1748 2615 1887 2657; x_wconf 83' lang='lat' dir='ltr'><strong>solutae</strong></span> <span class='ocrx_word' id='word_1_354' title='bbox 1915 2627 2007 2656; x_wconf 83' lang='lat' dir='ltr'><strong>ora-</strong></span> 
     </span>
     <span class='ocr_line' id='line_1_35' title="bbox 364 2681 2008 2736; baseline 0 -14"><span class='ocrx_word' id='word_1_355' title='bbox 364 2681 484 2722; x_wconf 89' lang='lat' dir='ltr'><strong>tionis</strong></span> <span class='ocrx_word' id='word_1_356' title='bbox 520 2682 752 2735; x_wconf 88' lang='lat' dir='ltr'><strong>scriptores,</strong></span> <span class='ocrx_word' id='word_1_357' title='bbox 795 2683 898 2736; x_wconf 83' lang='lat' dir='ltr'><strong>apud</strong></span> <span class='ocrx_word' id='word_1_358' title='bbox 928 2682 1089 2724; x_wconf 87' lang='lat' dir='ltr'><strong>Celsum</strong></span> <span class='ocrx_word' id='word_1_359' title='bbox 1118 2681 1326 2724; x_wconf 85' lang='lat' dir='ltr'><strong>admodum</strong></span> <span class='ocrx_word' id='word_1_360' title='bbox 1357 2683 1539 2736; x_wconf 82' lang='lat' dir='ltr'><strong>frequens</strong></span> <span class='ocrx_word' id='word_1_361' title='bbox 1567 2688 1640 2723; x_wconf 88' lang='lat' dir='ltr'><strong>est.</strong></span> <span class='ocrx_word' id='word_1_362' title='bbox 1694 2681 1820 2723; x_wconf 87' lang='lat' dir='ltr'><strong>Velut</strong></span> <span class='ocrx_word' id='word_1_363' title='bbox 1844 2682 1926 2730; x_wconf 89' lang='lat' dir='ltr'>III,</span> <span class='ocrx_word' id='word_1_364' title='bbox 1956 2681 2008 2722; x_wconf 92' lang='lat'><strong>18</strong></span> 
     </span>
     <span class='ocr_line' id='line_1_36' title="bbox 362 2746 1444 2804; baseline 0.002 -16"><span class='ocrx_word' id='word_1_365' title='bbox 362 2747 415 2789; x_wconf 92' lang='lat' dir='ltr'><strong>in.</strong></span> <span class='ocrx_word' id='word_1_366' title='bbox 445 2746 518 2788; x_wconf 87' lang='lat' dir='ltr'><strong>alii</strong></span> <span class='ocrx_word' id='word_1_367' title='bbox 544 2748 721 2803; x_wconf 78' lang='lat' dir='ltr'><strong>corporis</strong></span> <span class='ocrx_word' id='word_1_368' title='bbox 749 2748 913 2803; x_wconf 77' lang='lat' dir='ltr'><strong>effectus</strong></span> <span class='ocrx_word' id='word_1_369' title='bbox 941 2749 1013 2804; x_wconf 85' lang='lat' dir='ltr'><strong>qui</strong></span> <span class='ocrx_word' id='word_1_370' title='bbox 1039 2748 1131 2790; x_wconf 76' lang='lat' dir='ltr'><strong>kuic</strong></span> <span class='ocrx_word' id='word_1_371' title='bbox 1156 2748 1444 2804; x_wconf 79' lang='lat' dir='ltr'><strong>superveniunt.</strong></span> 
     </span>
    </p>

    <p class='ocr_par' dir='ltr' id='par_1_11' title="bbox 356 2812 2005 3000">
     <span class='ocr_line' id='line_1_37' title="bbox 476 2812 2000 2871; baseline -0.001 -17"><span class='ocrx_word' id='word_1_372' title='bbox 476 2813 769 2869; x_wconf 81' lang='lat' dir='ltr'><strong>Temperare</strong></span> <span class='ocrx_word' id='word_1_373' title='bbox 809 2813 889 2855; x_wconf 85' lang='lat' dir='ltr'><strong>sibi</strong></span> <span class='ocrx_word' id='word_1_374' title='bbox 917 2814 967 2855; x_wconf 90' lang='lat' dir='ltr'><strong>ab</strong></span> <span class='ocrx_word' id='word_1_375' title='bbox 995 2813 1131 2871; x_wconf 82' lang='lat' dir='ltr'><strong>aliqua</strong></span> <span class='ocrx_word' id='word_1_376' title='bbox 1159 2827 1222 2863; x_wconf 87' lang='lat' dir='ltr'><strong>re,</strong></span> <span class='ocrx_word' id='word_1_377' title='bbox 1257 2814 1484 2855; x_wconf 90' lang='lat' dir='ltr'><strong>insolentior</strong></span> <span class='ocrx_word' id='word_1_378' title='bbox 1510 2818 1729 2862; x_wconf 76' lang='lat' dir='ltr'><strong>structura,</strong></span> <span class='ocrx_word' id='word_1_379' title='bbox 1757 2817 1819 2854; x_wconf 85' lang='lat' dir='ltr'><strong>est</strong></span> <span class='ocrx_word' id='word_1_380' title='bbox 1844 2812 1922 2863; x_wconf 89' lang='lat' dir='ltr'><strong>IV,</strong></span> <span class='ocrx_word' id='word_1_381' title='bbox 1950 2812 2000 2854; x_wconf 89' lang='lat'><strong>31</strong></span> 
     </span>
     <span class='ocr_line' id='line_1_38' title="bbox 363 2877 2005 2937; baseline -0.001 -16"><span class='ocrx_word' id='word_1_382' title='bbox 363 2893 402 2933; x_wconf 90' lang='lat' dir='ltr'><strong>p.</strong></span> <span class='ocrx_word' id='word_1_383' title='bbox 434 2877 524 2929; x_wconf 83' lang='lat'>157,</span> <span class='ocrx_word' id='word_1_384' title='bbox 552 2879 580 2922; x_wconf 90' lang='grc'><strong>6</strong></span> <span class='ocrx_word' id='word_1_385' title='bbox 607 2878 784 2932; x_wconf 83' lang='lat' dir='ltr'><strong>Quidam</strong></span> <span class='ocrx_word' id='word_1_386' title='bbox 811 2895 935 2937; x_wconf 83' lang='lat' dir='ltr'><strong>quum</strong></span> <span class='ocrx_word' id='word_1_387' title='bbox 962 2887 1039 2923; x_wconf 91' lang='lat' dir='ltr'><strong>toto</strong></span> <span class='ocrx_word' id='word_1_388' title='bbox 1073 2894 1178 2923; x_wconf 88' lang='lat' dir='ltr'><strong>anno</strong></span> <span class='ocrx_word' id='word_1_389' title='bbox 1213 2894 1239 2921; x_wconf 90' lang='lat' dir='ltr'><strong>a</strong></span> <span class='ocrx_word' id='word_1_390' title='bbox 1273 2879 1385 2930; x_wconf 88' lang='lat' dir='ltr'><strong>vino,</strong></span> <span class='ocrx_word' id='word_1_391' title='bbox 1426 2878 1573 2929; x_wconf 86' lang='lat' dir='ltr'><strong>mulso,</strong></span> <span class='ocrx_word' id='word_1_392' title='bbox 1614 2891 1750 2922; x_wconf 81' lang='lat' dir='ltr'><strong>venere</strong></span> <span class='ocrx_word' id='word_1_393' title='bbox 1790 2877 1867 2920; x_wconf 80' lang='lat' dir='ltr'><strong>sibi</strong></span> <span class='ocrx_word' id='word_1_394' title='bbox 1906 2883 2005 2920; x_wconf 84' lang='lat' dir='ltr'><strong>tem-</strong></span> 
     </span>
     <span class='ocr_line' id='line_1_39' title="bbox 356 2952 571 3000; baseline 0.005 -13"><span class='ocrx_word' id='word_1_395' title='bbox 356 2952 571 3000; x_wconf 87' lang='lat' dir='ltr'><strong>perassent.</strong></span> 
     </span>
    </p>

    <p class='ocr_par' dir='ltr' id='par_1_12' title="bbox 362 3010 2004 3202">
     <span class='ocr_line' id='line_1_40' title="bbox 474 3010 2004 3066; baseline 0 -14"><span class='ocrx_word' id='word_1_396' title='bbox 474 3011 686 3054; x_wconf 78' lang='lat' dir='ltr'><strong>Trahere</strong></span> <span class='ocrx_word' id='word_1_397' title='bbox 725 3013 774 3054; x_wconf 87' lang='lat' dir='ltr'><strong>de</strong></span> <span class='ocrx_word' id='word_1_398' title='bbox 809 3013 998 3066; x_wconf 89' lang='lat' dir='ltr'><strong>temporis</strong></span> <span class='ocrx_word' id='word_1_399' title='bbox 1041 3012 1300 3054; x_wconf 80' lang='lat' dir='ltr'><strong>diuturnitate</strong></span> <span class='ocrx_word' id='word_1_400' title='bbox 1341 3018 1556 3066; x_wconf 79' lang='lat' dir='ltr'><strong>usurpatur</strong></span> <span class='ocrx_word' id='word_1_401' title='bbox 1597 3023 1674 3052; x_wconf 91' lang='lat' dir='ltr'><strong>non</strong></span> <span class='ocrx_word' id='word_1_402' title='bbox 1702 3010 1827 3053; x_wconf 90' lang='lat' dir='ltr'><strong>solum</strong></span> <span class='ocrx_word' id='word_1_403' title='bbox 1854 3010 2004 3053; x_wconf 74' lang='lat' dir='ltr'><strong>transi-</strong></span> 
     </span>
     <span class='ocr_line' id='line_1_41' title="bbox 363 3075 2004 3133; baseline 0.002 -17"><span class='ocrx_word' id='word_1_404' title='bbox 363 3075 447 3117; x_wconf 78' lang='lat' dir='ltr'><strong>tiva</strong></span> <span class='ocrx_word' id='word_1_405' title='bbox 475 3078 514 3117; x_wconf 90' lang='lat' dir='ltr'><strong>vi</strong></span> <span class='ocrx_word' id='word_1_406' title='bbox 541 3078 613 3126; x_wconf 82' lang='lat' dir='ltr'><strong>ita,</strong></span> <span class='ocrx_word' id='word_1_407' title='bbox 641 3085 685 3119; x_wconf 90' lang='lat' dir='ltr'><strong>ut</strong></span> <span class='ocrx_word' id='word_1_408' title='bbox 708 3079 862 3120; x_wconf 78' lang='lat' dir='ltr'><strong>dicatur</strong></span> <span class='ocrx_word' id='word_1_409' title='bbox 883 3079 1038 3121; x_wconf 80' lang='lat' dir='ltr'><strong>trahere</strong></span> <span class='ocrx_word' id='word_1_410' title='bbox 1063 3078 1262 3128; x_wconf 81' lang='lat' dir='ltr'><strong>morbum,</strong></span> <span class='ocrx_word' id='word_1_411' title='bbox 1288 3077 1422 3120; x_wconf 82' lang='lat' dir='ltr'><strong>ulcera</strong></span> <span class='ocrx_word' id='word_1_412' title='bbox 1448 3084 1564 3132; x_wconf 77' lang='lat' dir='ltr'><strong>atque</strong></span> <span class='ocrx_word' id='word_1_413' title='bbox 1593 3077 1710 3118; x_wconf 74' lang='lat' dir='ltr'><strong>etiam</strong></span> <span class='ocrx_word' id='word_1_414' title='bbox 1739 3082 1789 3119; x_wconf 86' lang='lat' dir='ltr'><strong>tr.</strong></span> <span class='ocrx_word' id='word_1_415' title='bbox 1817 3075 2004 3133; x_wconf 74' lang='lat' dir='ltr'><strong>aliquem,</strong></span> 
     </span>
     <span class='ocr_line' id='line_1_42' title="bbox 362 3142 2003 3202; baseline 0.001 -20"><span class='ocrx_word' id='word_1_416' title='bbox 362 3156 530 3198; x_wconf 75' lang='lat' dir='ltr'><strong>aeyrum,</strong></span> <span class='ocrx_word' id='word_1_417' title='bbox 559 3144 661 3198; x_wconf 89' lang='lat' dir='ltr'><strong>quod</strong></span> <span class='ocrx_word' id='word_1_418' title='bbox 690 3144 921 3186; x_wconf 89' lang='lat' dir='ltr'><strong>insolentius</strong></span> <span class='ocrx_word' id='word_1_419' title='bbox 948 3146 1105 3187; x_wconf 83' lang='lat' dir='ltr'><strong>videtur</strong></span> <span class='ocrx_word' id='word_1_420' title='bbox 1131 3145 1265 3202; x_wconf 86' lang='lat' dir='ltr'><strong>(velut</strong></span> <span class='ocrx_word' id='word_1_421' title='bbox 1290 3145 1371 3194; x_wconf 86' lang='lat'>111,</span> <span class='ocrx_word' id='word_1_422' title='bbox 1399 3143 1426 3186; x_wconf 90' lang='lat'>9</span> <span class='ocrx_word' id='word_1_423' title='bbox 1453 3158 1490 3199; x_wconf 92' lang='lat' dir='ltr'><strong>p.</strong></span> <span class='ocrx_word' id='word_1_424' title='bbox 1519 3144 1568 3186; x_wconf 90' lang='lat'>91</span> <span class='ocrx_word' id='word_1_425' title='bbox 1599 3143 1653 3185; x_wconf 92' lang='lat' dir='ltr'><strong>in.</strong></span> <span class='ocrx_word' id='word_1_426' title='bbox 1682 3142 1847 3199; x_wconf 84' lang='lat' dir='ltr'><strong>quidam</strong></span> <span class='ocrx_word' id='word_1_427' title='bbox 1872 3142 2003 3185; x_wconf 82' lang='lat' dir='ltr'><strong>tradi-</strong></span> 
     </span>
    </p>
   </div>
  </div>
 </body>
</html>
