2106 3658
382 375 432 410 24
1065 373 1105 409 C.
1136 374 1179 408 Α.
1210 373 1352 409 ΒιὉῙέῃ.

903 522 968 574 De
998 523 1269 587 syntactica
1298 524 1498 577 ratione.

489 640 582 679 Jam
612 639 662 679 ad
692 638 729 678 id
761 651 821 677 me
852 638 1025 686 confero,
1054 644 1099 678 ut
1127 639 1281 692 qualem
1311 639 1349 680 in
1378 641 1600 694 syntectica
1628 641 1780 683 ratione
1809 642 1948 683 Celsus
1975 655 2018 682 se

379 704 624 758 praestiterit,
667 704 800 756 paucis
843 705 1061 744 ostendam.
1119 703 1251 750 Quum
1286 712 1418 746 autem
1457 706 1613 748 omnino
1643 714 1818 749 veterum
1849 707 2018 761 scripto-

380 784 463 811 rum
493 771 529 809 in
561 770 635 809 hac
665 782 705 809 re
735 770 1054 809 consuetudinem
1085 777 1243 811 secutus
1271 771 1342 819 sit,
1371 785 1418 813 ea
1446 772 1570 813 solum
1591 774 1778 823 afferam,
1806 787 1892 827 quae
1913 774 2018 826 apud

378 849 465 876 eum
495 835 624 875 inveni
653 835 704 875 ab
733 834 885 875 illorum
915 835 1066 876 ratione
1095 836 1362 890 discrepantia
1390 843 1461 879 aut
1488 845 1594 880 certe
1614 838 1688 880 illis
1707 839 1835 881 minus
1855 840 2017 881 usitata.

1076 962 1131 1006 De
1163 963 1340 1007 casibus.

499 1042 766 1087 Genitivus
807 1042 1031 1098 objectivue,
1088 1046 1153 1099 qui
1195 1053 1380 1096 vocatur,
1427 1049 1543 1090 verbo
1593 1048 1740 1092 aua-ilii
1787 1049 2017 1103 apponitur:

377 1113 397 1152 I
426 1124 596 1164 prooem.
626 1111 677 1152 in.
711 1108 909 1150 auxilium
951 1110 1158 1152 vulnerum
1198 1112 1502 1169 morborumque
1530 1138 1605 1164 ——‚
1647 1114 1801 1156 auxilia
1845 1115 2020 1157 adversae

376 1176 622 1218 valetudinis.
652 1177 726 1225 IV,
756 1175 808 1217 25
837 1176 902 1217 fin.
933 1177 1148 1218 torminum
1176 1178 1340 1221 aneilia.
1399 1179 1521 1232 Cujus
1551 1195 1644 1222 usus
1680 1194 1798 1235 quum
1841 1181 2020 1234 exempla

376 1244 478 1296 apud
508 1244 702 1284 neminem
731 1248 871 1295 praeter
900 1243 1055 1284 Celsum
1084 1244 1312 1297 scriptorem
1342 1246 1546 1296 vidissem,
1576 1247 1648 1288 hoc
1668 1247 1911 1288 afferendum
1932 1260 2018 1287 esse

377 1310 531 1362 putavi,
560 1322 793 1362 quamquam
823 1309 1002 1350 similiter
1030 1310 1255 1363 adjungitur
1281 1324 1386 1365 saepe
1415 1313 1612 1365 genitivus
1641 1313 1772 1354 verbis
1791 1313 2020 1362 remedium,

377 1374 576 1424 studium,
604 1376 704 1416 aliis.

483 1440 698 1482 Dativus
726 1441 937 1494 apponitur
965 1442 1027 1482 his
1057 1441 1186 1482 verbis
1213 1442 1477 1496 simplicibus,
1520 1445 1660 1499 quibus
1698 1449 1850 1486 veteres
1878 1445 2019 1486 solutae

375 1507 563 1548 orationis
591 1508 802 1560 scriptores
833 1508 931 1548 alias
960 1514 1180 1549 structuras
1208 1509 1442 1562 subjungere
1471 1511 1616 1552 solent:

483 1572 648 1615 Haerere
676 1579 879 1627 poetarum
910 1587 1014 1614 more
1031 1574 1069 1629 ¹)
1107 1574 1285 1615 dativum
1315 1577 1434 1617 habet
1461 1577 1589 1627 VIII,
1621 1577 1639 1618 1
1668 1590 1709 1631 p.
1735 1576 1816 1618 325
1843 1576 1896 1618 in.
1922 1590 2020 1631 quo—

373 1654 465 1679 rum
493 1639 708 1694 (dentium)
731 1653 833 1694 pare
861 1639 1050 1689 maoeillae‚
1079 1654 1182 1695 pars
1210 1642 1409 1696 superiori
1435 1642 1515 1684 ossi
1541 1642 1741 1684 malarum
1767 1642 1897 1684 haeret.
1940 1642 2021 1691 VI,

379 1705 440 1754 18,
467 1704 493 1746 6
521 1706 587 1746 fin.
616 1705 653 1746 si
694 1719 743 1746 ex
783 1705 864 1746 ictu
905 1705 1091 1747 testiculis
1132 1705 1289 1761 aliquid
1329 1707 1460 1758 haesit3
1501 1709 1568 1750 ubi
1597 1715 1730 1750 tamen
1759 1722 1878 1763 quum
1907 1708 2018 1750 codd.

375 1772 547 1824 corrupti
575 1772 677 1820 sint,
707 1772 838 1823 Targa
867 1778 909 1812 et
936 1773 1070 1813 Ritter
1097 1773 1276 1814 scribunt
1305 1774 1416 1817 desit.
1777 1828 1779 1830 q

483 1835 664 1892 Junqere
707 1837 847 1890 saepius
890 1839 995 1892 apud
1038 1839 1193 1880 Celsum
1221 1839 1397 1881 dativum
1426 1841 1551 1882 habet
1588 1855 1704 1895 quam
1733 1855 1824 1882 cum
1852 1853 2018 1894 praepos,

374 1909 564 1957 sequente
595 1903 767 1944 ablativo
777 1916 789 1953 ;
817 1904 922 1957 quod
950 1906 1052 1957 apud
1084 1904 1311 1946 Ciceronem
1339 1919 1499 1960 prorsus
1528 1913 1667 1949 contra
1695 1914 1758 1949 est
1773 1903 1825 1961 ²).

483 1968 651 2010 Miscere
679 1968 834 2024 aliquid
856 1969 978 2011 alicui
994 1972 1055 2012 rei
1072 1983 1177 2024 saepe
1206 1971 1354 2013 dictum
1383 1979 1455 2014 est.
1510 1973 1647 2014 Etiam
1675 1988 1729 2015 m.
1758 1971 1915 2028 aliquid
1932 1986 2021 2013 cum

373 2034 510 2091 aliqua
549 2049 617 2084 νας
652 2049 741 2076 raro
783 2050 835 2077 m.
870 2035 1026 2092 aliquid
1053 2035 1190 2092 aliqua
1217 2051 1283 2087 re,
1327 2051 1413 2092 quae
1440 2044 1640 2081 structura
1667 2039 1865 2081 veteribus
1894 2038 2021 2080 usita-

373 2102 453 2143 tior
481 2107 543 2142 est
560 2100 613 2157 ³).

483 2167 686 2210 Nonnulla
714 2181 864 2222 quoque
894 2170 1013 2210 verba
1041 2169 1262 2222 composita.
1289 2170 1468 2212 dativum
1497 2171 1662 2221 habent,
1691 2171 1758 2213 ubi
1783 2177 1933 2214 veteres
1951 2184 2020 2214 so-

374 2233 467 2275 lutae
495 2233 683 2275 orationis
711 2235 921 2288 scriptores
952 2235 1247 2289 praepositiones
1274 2236 1406 2278 solent
1434 2250 1650 2291 apponere:

482 2298 677 2342 Accedere
704 2314 792 2341 cum
821 2301 955 2342 dativo
983 2301 1218 2354 saepissime,
1256 2316 1344 2344 raro
1381 2317 1468 2344 cum
1503 2303 1558 2345 ad
1595 2303 1880 2357 praepositione.
1928 2302 2020 2346 Ad—

364 2365 508 2420 jicere,
537 2379 613 2420 quo
645 2367 761 2407 verbo
791 2367 928 2408 Celsus
959 2367 1271 2421 frequentissime
1299 2369 1444 2419 utitur,
1488 2383 1699 2424 numquam
1727 2371 1783 2412 ad
1810 2371 1930 2412 habet
1957 2371 2019 2421 (eo

373 2432 459 2481 VI,
489 2432 534 2482 6,
567 2433 585 2472 1
618 2446 654 2486 p.
683 2429 779 2482 227,
819 2432 890 2482 153
931 2447 1009 2489 quo
1037 2434 1110 2482 IV,
1150 2432 1200 2475 16
1237 2447 1276 2487 p.
1308 2435 1386 2477 142
1413 2433 1525 2492 fin.)‚
1567 2436 1744 2478 dativum
1787 2436 2018 2490 saepissime.

373 2497 595 2540 Admovere
641 2498 861 2552 saepissime
911 2513 999 2540 cum
1049 2499 1208 2549 dativo,
1257 2501 1324 2542 ubi
1366 2502 1442 2542 loci
1482 2501 1716 2555 significatio
1758 2508 1902 2557 aperta
1943 2507 2018 2543 est.

374 2563 585 2620 Imponere
627 2565 786 2619 propria
827 2565 1110 2617 significatione
1153 2566 1295 2620 saepius
1332 2567 1508 2608 dativum
1537 2567 1660 2609 habet
1686 2581 1800 2621 quam
1829 2568 2019 2622 praeposi-

374 2630 521 2671 tionem
564 2631 786 2685 repetitam.
855 2630 990 2674 Inesse
1031 2644 1108 2673 uno
1159 2632 1244 2674 loco
1293 2646 1380 2674 cum
1428 2633 1562 2674 dativo
1604 2634 1852 2687 conjungitur
1893 2634 2018 2684 VIII,

378 2697 441 2746 10,
470 2696 495 2737 5
524 2697 590 2738 fin.
631 2703 675 2737 ut
715 2698 805 2752 ipsa
847 2711 998 2753 quoque
1034 2698 1071 2740 ei
1098 2697 1266 2751 (canali)
1294 2712 1394 2740 coxa
1420 2699 1528 2741 insit.
1584 2698 1688 2740 Aliis
1717 2699 1811 2741 locis
1839 2699 2018 2741 absolute

375 2763 544 2816 ponitur,
587 2776 779 2816 nusquam
823 2777 909 2805 cum
952 2763 996 2804 in
1036 2770 1221 2818 sequente
1263 2765 1451 2806 ablativo.
1514 2763 1687 2821 Injieere
1713 2778 1833 2807 sensu
1860 2765 2017 2820 proprio

377 2829 499 2869 multo
541 2829 681 2882 saepius
723 2830 899 2871 dativum
942 2830 1078 2872 habet.
1140 2829 1332 2873 Insidere
1374 2844 1583 2884 numquam
1627 2844 1714 2872 cum
1743 2832 2018 2885 praepositione

377 2895 544 2947 ponitur.

441 3013 467 3061 ¹)
496 3016 580 3052 Vid.
611 3018 734 3054 Madv.
766 3030 920 3065 gramm.
951 3029 1038 3064 pag.
1070 3017 1150 3054 232
1180 3020 1258 3056 not.

435 3069 467 3116 ²)
497 3073 619 3110 Madv.
651 3074 672 3118 ἕ
703 3076 782 3111 243
814 3088 900 3111 ann.
933 3076 971 3112 4.

437 3125 468 3175 ³)
497 3130 619 3167 Madv.
650 3131 671 3175 ἕ
702 3133 781 3168 260
812 3134 848 3170 b.
