<?xml version="1.0" encoding="UTF-8"?>
<!DOCTYPE html PUBLIC "-//W3C//DTD XHTML 1.0 Transitional//EN"
    "http://www.w3.org/TR/xhtml1/DTD/xhtml1-transitional.dtd">
<html xmlns="http://www.w3.org/1999/xhtml" xml:lang="en" lang="en">
 <head>
  <title>
</title>
<meta http-equiv="Content-Type" content="text/html;charset=utf-8" />
  <meta name='ocr-system' content='tesseract 3.04.00' />
  <meta name='ocr-capabilities' content='ocr_page ocr_carea ocr_par ocr_line ocrx_word'/>
</head>
<body>
  <div class='ocr_page' id='page_1' title='image "./deelocutioneacor00broluoft_0040.png"; bbox 0 0 2106 3658; ppageno 0'>
   <div class='ocr_carea' id='block_1_1' title="bbox 386 347 1355 389">
    <p class='ocr_par' dir='ltr' id='par_1_1' title="bbox 386 347 1355 389">
     <span class='ocr_line' id='line_1_1' title="bbox 386 347 1355 389; baseline 0.004 -8"><span class='ocrx_word' id='word_1_1' title='bbox 386 354 436 389; x_wconf 77' lang='lat'><strong>34</strong></span> <span class='ocrx_word' id='word_1_2' title='bbox 1068 347 1107 384; x_wconf 89' lang='lat' dir='ltr'><strong>C.</strong></span> <span class='ocrx_word' id='word_1_3' title='bbox 1137 347 1181 383; x_wconf 83' lang='lat' dir='ltr'><strong>A.</strong></span> <span class='ocrx_word' id='word_1_4' title='bbox 1211 347 1355 385; x_wconf 71' lang='lat' dir='ltr'><strong>Brolen.</strong></span> 
     </span>
    </p>
   </div>
   <div class='ocr_carea' id='block_1_2' title="bbox 383 460 2026 583">
    <p class='ocr_par' dir='ltr' id='par_1_2' title="bbox 383 460 2026 583">
     <span class='ocr_line' id='line_1_2' title="bbox 384 460 2026 517; baseline -0.001 -12"><span class='ocrx_word' id='word_1_5' title='bbox 384 464 488 517; x_wconf 87' lang='lat' dir='ltr'><strong>apud</strong></span> <span class='ocrx_word' id='word_1_6' title='bbox 517 463 714 504; x_wconf 80' lang='lat' dir='ltr'><strong>Caesarem</strong></span> <span class='ocrx_word' id='word_1_7' title='bbox 743 467 784 501; x_wconf 86' lang='lat' dir='ltr'><strong>et</strong></span> <span class='ocrx_word' id='word_1_8' title='bbox 810 460 966 501; x_wconf 88' lang='lat' dir='ltr'><strong>Livium</strong></span> <span class='ocrx_word' id='word_1_9' title='bbox 997 472 1074 501; x_wconf 88' lang='lat' dir='ltr'><strong>nou</strong></span> <span class='ocrx_word' id='word_1_10' title='bbox 1104 473 1194 501; x_wconf 83' lang='lat' dir='ltr'><strong>raro</strong></span> <span class='ocrx_word' id='word_1_11' title='bbox 1222 460 1387 502; x_wconf 87' lang='lat' dir='ltr'><strong>inveniri</strong></span> <span class='ocrx_word' id='word_1_12' title='bbox 1431 462 1631 516; x_wconf 84' lang='lat' dir='ltr'><strong>exempla,</strong></span> <span class='ocrx_word' id='word_1_13' title='bbox 1674 475 1760 516; x_wconf 81' lang='lat' dir='ltr'><strong>quae</strong></span> <span class='ocrx_word' id='word_1_14' title='bbox 1793 461 1848 506; x_wconf 71' lang='lat' dir='ltr'><strong>ad</strong></span> <span class='ocrx_word' id='word_1_15' title='bbox 1875 474 2026 512; x_wconf 77' lang='lat' dir='ltr'><strong>eorum,</strong></span> 
     </span>
     <span class='ocr_line' id='line_1_3' title="bbox 383 525 1197 583; baseline -0.002 -13"><span class='ocrx_word' id='word_1_16' title='bbox 383 542 469 583; x_wconf 80' lang='lat' dir='ltr'><strong>quae</strong></span> <span class='ocrx_word' id='word_1_17' title='bbox 498 528 637 577; x_wconf 85' lang='lat' dir='ltr'><strong>attuli,</strong></span> <span class='ocrx_word' id='word_1_18' title='bbox 666 525 960 567; x_wconf 83' lang='lat' dir='ltr'><strong>similitudinem</strong></span> <span class='ocrx_word' id='word_1_19' title='bbox 990 526 1197 568; x_wconf 79' lang='lat' dir='ltr'><strong>accedunt.</strong></span> 
     </span>
    </p>
   </div>
   <div class='ocr_carea' id='block_1_3' title="bbox 1057 652 1347 697">
    <p class='ocr_par' dir='ltr' id='par_1_3' title="bbox 1057 652 1347 697">
     <span class='ocr_line' id='line_1_4' title="bbox 1057 652 1347 697; baseline 0.007 -2"><span class='ocrx_word' id='word_1_20' title='bbox 1057 653 1111 696; x_wconf 86' lang='lat' dir='ltr'><strong>De</strong></span> <span class='ocrx_word' id='word_1_21' title='bbox 1143 652 1347 697; x_wconf 77' lang='lat' dir='ltr'><strong>infinitivo.</strong></span> 
     </span>
    </p>
   </div>
   <div class='ocr_carea' id='block_1_4' title="bbox 376 734 2026 1387">
    <p class='ocr_par' dir='ltr' id='par_1_4' title="bbox 376 734 2026 1387">
     <span class='ocr_line' id='line_1_5' title="bbox 490 734 2025 792; baseline 0.005 -18"><span class='ocrx_word' id='word_1_22' title='bbox 490 734 712 775; x_wconf 86' lang='lat' dir='ltr'><strong>Infinitivus</strong></span> <span class='ocrx_word' id='word_1_23' title='bbox 741 734 951 787; x_wconf 84' lang='lat' dir='ltr'><strong>apponitur</strong></span> <span class='ocrx_word' id='word_1_24' title='bbox 978 735 1173 787; x_wconf 85' lang='lat' dir='ltr'><strong>adjectivo</strong></span> <span class='ocrx_word' id='word_1_25' title='bbox 1202 737 1304 789; x_wconf 88' lang='lat' dir='ltr'><strong>quod</strong></span> <span class='ocrx_word' id='word_1_26' title='bbox 1335 742 1399 778; x_wconf 87' lang='lat' dir='ltr'><strong>est</strong></span> <span class='ocrx_word' id='word_1_27' title='bbox 1426 743 1645 787; x_wconf 72' lang='lat' dir='ltr'><strong>contentus,</strong></span> <span class='ocrx_word' id='word_1_28' title='bbox 1680 745 1726 780; x_wconf 87' lang='lat' dir='ltr'><strong>ut</strong></span> <span class='ocrx_word' id='word_1_29' title='bbox 1751 740 1856 792; x_wconf 80' lang='lat' dir='ltr'><strong>apud</strong></span> <span class='ocrx_word' id='word_1_30' title='bbox 1885 745 2025 792; x_wconf 76' lang='lat' dir='ltr'><strong>poetas</strong></span> 
     </span>
     <span class='ocr_line' id='line_1_6' title="bbox 382 800 2025 859; baseline 0.003 -18"><span class='ocrx_word' id='word_1_31' title='bbox 382 808 423 841; x_wconf 82' lang='lat' dir='ltr'><strong>et</strong></span> <span class='ocrx_word' id='word_1_32' title='bbox 464 800 697 852; x_wconf 79' lang='lat' dir='ltr'><strong>posteriores</strong></span> <span class='ocrx_word' id='word_1_33' title='bbox 739 800 952 852; x_wconf 78' lang='lat' dir='ltr'><strong>scriptores</strong></span> <span class='ocrx_word' id='word_1_34' title='bbox 988 801 1052 849; x_wconf 83' lang='lat' dir='ltr'><strong>fit,</strong></span> <span class='ocrx_word' id='word_1_35' title='bbox 1095 801 1115 841; x_wconf 95' lang='grc' dir='ltr'><strong>Ι</strong></span> <span class='ocrx_word' id='word_1_36' title='bbox 1143 814 1316 854; x_wconf 87' lang='lat' dir='ltr'><strong>prooem.</strong></span> <span class='ocrx_word' id='word_1_37' title='bbox 1347 816 1385 856; x_wconf 88' lang='lat' dir='ltr'><strong>p.</strong></span> <span class='ocrx_word' id='word_1_38' title='bbox 1414 802 1454 852; x_wconf 88' lang='grc'><strong>8,</strong></span> <span class='ocrx_word' id='word_1_39' title='bbox 1483 804 1537 844; x_wconf 88' lang='grc'><strong>30</strong></span> <span class='ocrx_word' id='word_1_40' title='bbox 1564 803 1800 859; x_wconf 76' lang='lat' dir='ltr'><strong><em>quicumque</em></strong></span> <span class='ocrx_word' id='word_1_41' title='bbox 1827 804 1919 854; x_wconf 84' lang='lat' dir='ltr'><strong>alii,</strong></span> <span class='ocrx_word' id='word_1_42' title='bbox 1946 819 2025 846; x_wconf 89' lang='lat' dir='ltr'><strong>non</strong></span> 
     </span>
     <span class='ocr_line' id='line_1_7' title="bbox 379 864 2026 926; baseline 0.003 -19"><span class='ocrx_word' id='word_1_43' title='bbox 379 864 544 907; x_wconf 77' lang='lat' dir='ltr'><strong>contenti</strong></span> <span class='ocrx_word' id='word_1_44' title='bbox 568 864 701 919; x_wconf 74' lang='lat' dir='ltr'><strong>febres</strong></span> <span class='ocrx_word' id='word_1_45' title='bbox 729 871 764 907; x_wconf 77' lang='lat' dir='ltr'><strong>et</strong></span> <span class='ocrx_word' id='word_1_46' title='bbox 791 864 923 907; x_wconf 81' lang='lat' dir='ltr'><strong>ulcera</strong></span> <span class='ocrx_word' id='word_1_47' title='bbox 951 866 1122 921; x_wconf 76' lang='lat' dir='ltr'><strong>ayitare,</strong></span> <span class='ocrx_word' id='word_1_48' title='bbox 1149 881 1284 909; x_wconf 77' lang='lat' dir='ltr'><strong>rerum</strong></span> <span class='ocrx_word' id='word_1_49' title='bbox 1313 883 1466 924; x_wconf 79' lang='lat' dir='ltr'><strong>quoque</strong></span> <span class='ocrx_word' id='word_1_50' title='bbox 1484 875 1669 911; x_wconf 77' lang='lat' dir='ltr'><strong>naturam</strong></span> <span class='ocrx_word' id='word_1_51' title='bbox 1687 883 1737 912; x_wconf 68' lang='lat' dir='ltr'><strong>ca·</strong></span> <span class='ocrx_word' id='word_1_52' title='bbox 1754 869 1894 926; x_wconf 72' lang='lat' dir='ltr'><strong>aliqua</strong></span> <span class='ocrx_word' id='word_1_53' title='bbox 1909 877 2026 926; x_wconf 76' lang='lat' dir='ltr'><strong>parte</strong></span> 
     </span>
     <span class='ocr_line' id='line_1_8' title="bbox 379 932 2024 988; baseline 0.003 -15"><span class='ocrx_word' id='word_1_54' title='bbox 379 932 542 973; x_wconf 80' lang='lat' dir='ltr'><strong>scrutati</strong></span> <span class='ocrx_word' id='word_1_55' title='bbox 568 938 670 972; x_wconf 85' lang='lat' dir='ltr'><strong>sunt.</strong></span> <span class='ocrx_word' id='word_1_56' title='bbox 700 932 801 980; x_wconf 87' lang='lat' dir='ltr'>VII,</span> <span class='ocrx_word' id='word_1_57' title='bbox 825 932 874 972; x_wconf 88' lang='lat'><strong>15</strong></span> <span class='ocrx_word' id='word_1_58' title='bbox 895 938 996 973; x_wconf 87' lang='lat' dir='ltr'><strong>extr.</strong></span> <span class='ocrx_word' id='word_1_59' title='bbox 1026 933 1145 988; x_wconf 81' lang='lat' dir='ltr'><strong>idque</strong></span> <span class='ocrx_word' id='word_1_60' title='bbox 1172 932 1232 974; x_wconf 78' lang='lat' dir='ltr'><strong>bis</strong></span> <span class='ocrx_word' id='word_1_61' title='bbox 1260 934 1317 975; x_wconf 87' lang='lat' dir='ltr'><strong>ita</strong></span> <span class='ocrx_word' id='word_1_62' title='bbox 1333 933 1482 988; x_wconf 77' lang='lat' dir='ltr'><strong>fecisse</strong></span> <span class='ocrx_word' id='word_1_63' title='bbox 1509 935 1676 977; x_wconf 75' lang='lat' dir='ltr'><strong>contenti</strong></span> <span class='ocrx_word' id='word_1_64' title='bbox 1701 942 1804 977; x_wconf 69' lang='lat' dir='ltr'><strong>sunu.</strong></span> <span class='ocrx_word' id='word_1_65' title='bbox 1822 960 1875 967; x_wconf 92' lang='lat'>—</span> <span class='ocrx_word' id='word_1_66' title='bbox 1890 937 2024 978; x_wconf 82' lang='lat' dir='ltr'><strong>Etiam</strong></span> 
     </span>
     <span class='ocr_line' id='line_1_9' title="bbox 378 997 2026 1058; baseline 0.004 -20"><span class='ocrx_word' id='word_1_67' title='bbox 378 1010 466 1038; x_wconf 90' lang='lat' dir='ltr'><strong>cum</strong></span> <span class='ocrx_word' id='word_1_68' title='bbox 508 997 628 1038; x_wconf 84' lang='lat' dir='ltr'><strong>verbo</strong></span> <span class='ocrx_word' id='word_1_69' title='bbox 662 997 816 1039; x_wconf 80' lang='lat' dir='ltr'><strong>nitendi</strong></span> <span class='ocrx_word' id='word_1_70' title='bbox 851 998 1102 1051; x_wconf 86' lang='lat' dir='ltr'><strong>conjungitur</strong></span> <span class='ocrx_word' id='word_1_71' title='bbox 1136 999 1352 1042; x_wconf 85' lang='lat' dir='ltr'><strong>infinitivus</strong></span> <span class='ocrx_word' id='word_1_72' title='bbox 1390 1002 1473 1049; x_wconf 89' lang='grc' dir='ltr'><strong>ΙΙΙ,</strong></span> <span class='ocrx_word' id='word_1_73' title='bbox 1502 1002 1556 1043; x_wconf 88' lang='grc'><strong>20</strong></span> <span class='ocrx_word' id='word_1_74' title='bbox 1583 1002 1636 1043; x_wconf 89' lang='lat' dir='ltr'><strong>in.</strong></span> <span class='ocrx_word' id='word_1_75' title='bbox 1667 1000 1754 1042; x_wconf 70' lang='lat' dir='ltr'><strong>Hos</strong></span> <span class='ocrx_word' id='word_1_76' title='bbox 1780 1015 1904 1056; x_wconf 74' lang='lat' dir='ltr'><strong>oeyros</strong></span> <span class='ocrx_word' id='word_1_77' title='bbox 1932 1003 2026 1058; x_wconf 79' lang='lat' dir='ltr'><strong>qui-</strong></span> 
     </span>
     <span class='ocr_line' id='line_1_10' title="bbox 378 1061 2023 1122; baseline 0.004 -20"><span class='ocrx_word' id='word_1_78' title='bbox 378 1062 474 1103; x_wconf 84' lang='lat' dir='ltr'><strong>dam</strong></span> <span class='ocrx_word' id='word_1_79' title='bbox 509 1061 674 1105; x_wconf 73' lang='lat' dir='ltr'><strong>subinde</strong></span> <span class='ocrx_word' id='word_1_80' title='bbox 709 1064 881 1106; x_wconf 67' lang='lat' dir='ltr'><strong>excitare</strong></span> <span class='ocrx_word' id='word_1_81' title='bbox 915 1065 1109 1106; x_wconf 84' lang='lat' dir='ltr'><strong>nituntur.</strong></span> <span class='ocrx_word' id='word_1_82' title='bbox 1166 1065 1234 1106; x_wconf 84' lang='lat' dir='ltr'><strong>Ita</strong></span> <span class='ocrx_word' id='word_1_83' title='bbox 1261 1066 1334 1108; x_wconf 88' lang='lat' dir='ltr'><strong>hoc</strong></span> <span class='ocrx_word' id='word_1_84' title='bbox 1363 1068 1526 1109; x_wconf 88' lang='lat' dir='ltr'><strong>verbum</strong></span> <span class='ocrx_word' id='word_1_85' title='bbox 1555 1073 1770 1121; x_wconf 87' lang='lat' dir='ltr'><strong>posuerunt</strong></span> <span class='ocrx_word' id='word_1_86' title='bbox 1796 1068 1894 1110; x_wconf 88' lang='lat' dir='ltr'><strong>Sall.</strong></span> <span class='ocrx_word' id='word_1_87' title='bbox 1923 1069 2023 1122; x_wconf 84' lang='lat' dir='ltr'><strong>Nep.</strong></span> 
     </span>
     <span class='ocr_line' id='line_1_11' title="bbox 378 1128 2026 1188; baseline 0.004 -19"><span class='ocrx_word' id='word_1_88' title='bbox 378 1128 465 1169; x_wconf 87' lang='lat' dir='ltr'><strong>Liv.</strong></span> <span class='ocrx_word' id='word_1_89' title='bbox 493 1152 548 1158; x_wconf 93' lang='lat'><strong>—</strong></span> <span class='ocrx_word' id='word_1_90' title='bbox 576 1130 814 1171; x_wconf 88' lang='lat' dir='ltr'><strong>Insolentius</strong></span> <span class='ocrx_word' id='word_1_91' title='bbox 857 1130 976 1171; x_wconf 85' lang='lat' dir='ltr'><strong>etiam</strong></span> <span class='ocrx_word' id='word_1_92' title='bbox 1022 1131 1257 1172; x_wconf 85' lang='lat' dir='ltr'><strong>locutionem</strong></span> <span class='ocrx_word' id='word_1_93' title='bbox 1301 1146 1386 1186; x_wconf 82' lang='lat' dir='ltr'><strong>quae</strong></span> <span class='ocrx_word' id='word_1_94' title='bbox 1428 1140 1489 1174; x_wconf 87' lang='lat' dir='ltr'><strong>est</strong></span> <span class='ocrx_word' id='word_1_95' title='bbox 1520 1139 1716 1175; x_wconf 73' lang='lat' dir='ltr'><strong>auctorem</strong></span> <span class='ocrx_word' id='word_1_96' title='bbox 1742 1147 1825 1175; x_wconf 72' lang='lat' dir='ltr'><strong>esso</strong></span> <span class='ocrx_word' id='word_1_97' title='bbox 1849 1135 2026 1188; x_wconf 86' lang='lat' dir='ltr'><strong>sequitur</strong></span> 
     </span>
     <span class='ocr_line' id='line_1_12' title="bbox 377 1194 2024 1255; baseline 0.005 -21"><span class='ocrx_word' id='word_1_98' title='bbox 377 1195 593 1235; x_wconf 86' lang='lat' dir='ltr'><strong>infinitivus</strong></span> <span class='ocrx_word' id='word_1_99' title='bbox 623 1196 727 1243; x_wconf 87' lang='lat' dir='ltr'>VII,</span> <span class='ocrx_word' id='word_1_100' title='bbox 757 1194 794 1244; x_wconf 83' lang='lat'><strong>7,</strong></span> <span class='ocrx_word' id='word_1_101' title='bbox 823 1195 849 1236; x_wconf 92' lang='grc'>6</span> <span class='ocrx_word' id='word_1_102' title='bbox 878 1195 934 1237; x_wconf 90' lang='lat' dir='ltr'><strong>At</strong></span> <span class='ocrx_word' id='word_1_103' title='bbox 961 1196 1032 1238; x_wconf 84' lang='lat' dir='ltr'><strong>ubi</strong></span> <span class='ocrx_word' id='word_1_104' title='bbox 1059 1196 1147 1238; x_wconf 82' lang='lat' dir='ltr'><strong>albo</strong></span> <span class='ocrx_word' id='word_1_105' title='bbox 1174 1198 1305 1253; x_wconf 75' lang='lat' dir='ltr'><strong>ipsius</strong></span> <span class='ocrx_word' id='word_1_106' title='bbox 1332 1199 1435 1241; x_wconf 85' lang='lat' dir='ltr'><strong>oculi</strong></span> <span class='ocrx_word' id='word_1_107' title='bbox 1456 1198 1652 1255; x_wconf 79' lang='lat' dir='ltr'><strong><em>palpebra</em></strong></span> <span class='ocrx_word' id='word_1_108' title='bbox 1680 1198 1854 1248; x_wconf 63' lang='lat' dir='ltr'><strong>intenuit,</strong></span> <span class='ocrx_word' id='word_1_109' title='bbox 1887 1199 2024 1242; x_wconf 75' lang='lat' dir='ltr'><strong>Hera-</strong></span> 
     </span>
     <span class='ocr_line' id='line_1_13' title="bbox 376 1259 2024 1320; baseline 0.004 -20"><span class='ocrx_word' id='word_1_110' title='bbox 376 1259 496 1301; x_wconf 79' lang='lat' dir='ltr'><strong>clides</strong></span> <span class='ocrx_word' id='word_1_111' title='bbox 541 1260 780 1302; x_wconf 83' lang='lat' dir='ltr'><strong>Tarentinus</strong></span> <span class='ocrx_word' id='word_1_112' title='bbox 822 1269 958 1303; x_wconf 79' lang='lat' dir='ltr'><strong><em>auctor</em></strong></span> <span class='ocrx_word' id='word_1_113' title='bbox 985 1272 1041 1304; x_wconf 81' lang='lat' dir='ltr'><strong>est</strong></span> <span class='ocrx_word' id='word_1_114' title='bbox 1069 1264 1233 1305; x_wconf 75' lang='lat' dir='ltr'><strong>adverso</strong></span> <span class='ocrx_word' id='word_1_115' title='bbox 1260 1264 1441 1320; x_wconf 80' lang='lat' dir='ltr'><strong>scalpello</strong></span> <span class='ocrx_word' id='word_1_116' title='bbox 1469 1265 1682 1307; x_wconf 73' lang='lat' dir='ltr'><strong>subsecare.</strong></span> <span class='ocrx_word' id='word_1_117' title='bbox 1726 1266 1796 1306; x_wconf 79' lang='lat' dir='ltr'><strong>cfr</strong></span> <span class='ocrx_word' id='word_1_118' title='bbox 1822 1266 1904 1307; x_wconf 89' lang='lat' dir='ltr'><strong>Cic.</strong></span> <span class='ocrx_word' id='word_1_119' title='bbox 1935 1267 2024 1307; x_wconf 85' lang='lat' dir='ltr'><strong>Att.</strong></span> 
     </span>
     <span class='ocr_line' id='line_1_14' title="bbox 376 1325 2024 1387; baseline 0.004 -21"><span class='ocrx_word' id='word_1_120' title='bbox 376 1325 420 1373; x_wconf 91' lang='grc'><strong>9,</strong></span> <span class='ocrx_word' id='word_1_121' title='bbox 454 1327 516 1376; x_wconf 86' lang='grc'><strong>10,</strong></span> <span class='ocrx_word' id='word_1_122' title='bbox 545 1326 571 1366; x_wconf 84' lang='grc'>5</span> <span class='ocrx_word' id='word_1_123' title='bbox 600 1326 692 1383; x_wconf 76' lang='lat' dir='ltr'><strong>qu</strong></span> <span class='ocrx_word' id='word_1_124' title='bbox 721 1327 881 1382; x_wconf 81' lang='lat' dir='ltr'><strong>quidem</strong></span> <span class='ocrx_word' id='word_1_125' title='bbox 910 1329 982 1369; x_wconf 76' lang='lat' dir='ltr'><strong>tibi</strong></span> <span class='ocrx_word' id='word_1_126' title='bbox 1009 1343 1089 1371; x_wconf 84' lang='lat' dir='ltr'><strong>non</strong></span> <span class='ocrx_word' id='word_1_127' title='bbox 1117 1330 1194 1371; x_wconf 75' lang='lat' dir='ltr'><strong>sim</strong></span> <span class='ocrx_word' id='word_1_128' title='bbox 1221 1337 1372 1380; x_wconf 78' lang='lat' dir='ltr'><strong><em>auctor,</em></strong></span> <span class='ocrx_word' id='word_1_129' title='bbox 1401 1332 1438 1373; x_wconf 82' lang='lat' dir='ltr'><strong>si</strong></span> <span class='ocrx_word' id='word_1_130' title='bbox 1464 1331 1681 1387; x_wconf 83' lang='lat' dir='ltr'><strong>Pompejus</strong></span> <span class='ocrx_word' id='word_1_131' title='bbox 1710 1330 1873 1372; x_wconf 78' lang='lat' dir='ltr'><strong>Italiam</strong></span> <span class='ocrx_word' id='word_1_132' title='bbox 1901 1331 2024 1373; x_wconf 78' lang='lat' dir='ltr'><strong>relin-</strong></span> 
     </span>
    </p>
   </div>
   <div class='ocr_carea' id='block_1_5' title="bbox 376 1393 1036 1451">
    <p class='ocr_par' dir='ltr' id='par_1_5' title="bbox 376 1393 1036 1451">
     <span class='ocr_line' id='line_1_15' title="bbox 376 1393 1036 1451; baseline 0.012 -22"><span class='ocrx_word' id='word_1_133' title='bbox 376 1393 480 1447; x_wconf 81' lang='lat' dir='ltr'><strong>quit,</strong></span> <span class='ocrx_word' id='word_1_134' title='bbox 509 1399 544 1434; x_wconf 83' lang='lat' dir='ltr'><strong>te</strong></span> <span class='ocrx_word' id='word_1_135' title='bbox 571 1407 723 1449; x_wconf 82' lang='lat' dir='ltr'><strong>quoque</strong></span> <span class='ocrx_word' id='word_1_136' title='bbox 745 1393 964 1450; x_wconf 75' lang='lat' dir='ltr'><strong>profuqere</strong></span> <span class='ocrx_word' id='word_1_137' title='bbox 984 1396 1036 1451; x_wconf 89' lang='lat'><strong>¹).</strong></span> 
     </span>
    </p>
   </div>
   <div class='ocr_carea' id='block_1_6' title="bbox 1055 1522 1344 1577">
    <p class='ocr_par' dir='ltr' id='par_1_6' title="bbox 1055 1522 1344 1577">
     <span class='ocr_line' id='line_1_16' title="bbox 1055 1522 1344 1577; baseline 0.014 -13"><span class='ocrx_word' id='word_1_138' title='bbox 1055 1522 1111 1565; x_wconf 83' lang='lat' dir='ltr'><strong>De</strong></span> <span class='ocrx_word' id='word_1_139' title='bbox 1141 1524 1344 1577; x_wconf 67' lang='lat' dir='ltr'><strong>gen-undio.</strong></span> 
     </span>
    </p>
   </div>
   <div class='ocr_carea' id='block_1_7' title="bbox 373 1602 2023 1859">
    <p class='ocr_par' dir='ltr' id='par_1_7' title="bbox 373 1602 2023 1859">
     <span class='ocr_line' id='line_1_17' title="bbox 485 1602 2023 1662; baseline 0.005 -18"><span class='ocrx_word' id='word_1_140' title='bbox 485 1602 675 1646; x_wconf 80' lang='lat' dir='ltr'><strong>Gerundii</strong></span> <span class='ocrx_word' id='word_1_141' title='bbox 718 1604 914 1647; x_wconf 81' lang='lat' dir='ltr'><strong>ablativus</strong></span> <span class='ocrx_word' id='word_1_142' title='bbox 957 1607 1149 1648; x_wconf 80' lang='lat' dir='ltr'><strong>medalem</strong></span> <span class='ocrx_word' id='word_1_143' title='bbox 1193 1607 1271 1648; x_wconf 90' lang='lat' dir='ltr'><strong>vim</strong></span> <span class='ocrx_word' id='word_1_144' title='bbox 1306 1608 1426 1648; x_wconf 85' lang='lat' dir='ltr'><strong>habet</strong></span> <span class='ocrx_word' id='word_1_145' title='bbox 1461 1608 1585 1657; x_wconf 86' lang='lat' dir='ltr'>VIII,</span> <span class='ocrx_word' id='word_1_146' title='bbox 1618 1608 1637 1648; x_wconf 94' lang='lat'>1</span> <span class='ocrx_word' id='word_1_147' title='bbox 1671 1621 1708 1662; x_wconf 87' lang='lat' dir='ltr'><strong>p.</strong></span> <span class='ocrx_word' id='word_1_148' title='bbox 1737 1609 1837 1658; x_wconf 86' lang='grc'><strong>324,</strong></span> <span class='ocrx_word' id='word_1_149' title='bbox 1865 1609 1940 1652; x_wconf 82' lang='lat'><strong>24:</strong></span> <span class='ocrx_word' id='word_1_150' title='bbox 1968 1608 2023 1651; x_wconf 89' lang='lat' dir='ltr'><strong>In</strong></span> 
     </span>
     <span class='ocr_line' id='line_1_18' title="bbox 374 1671 2023 1731; baseline 0.005 -22"><span class='ocrx_word' id='word_1_151' title='bbox 374 1683 471 1711; x_wconf 82' lang='lat' dir='ltr'><strong>aure</strong></span> <span class='ocrx_word' id='word_1_152' title='bbox 498 1683 651 1725; x_wconf 81' lang='lat' dir='ltr'><strong>quoque</strong></span> <span class='ocrx_word' id='word_1_153' title='bbox 672 1672 810 1727; x_wconf 84' lang='lat' dir='ltr'><strong>primo</strong></span> <span class='ocrx_word' id='word_1_154' title='bbox 837 1671 1008 1728; x_wconf 67' lang='lat' dir='ltr'><strong>simplem</strong></span> <span class='ocrx_word' id='word_1_155' title='bbox 1034 1672 1120 1722; x_wconf 85' lang='lat' dir='ltr'><strong>iter,</strong></span> <span class='ocrx_word' id='word_1_156' title='bbox 1143 1674 1462 1729; x_wconf 83' lang='lat' dir='ltr'><strong>procedendo</strong></span> <span class='ocrx_word' id='word_1_157' title='bbox 1491 1672 1721 1729; x_wconf 68' lang='lat' dir='ltr'><strong>flexuosum</strong></span> <span class='ocrx_word' id='word_1_158' title='bbox 1754 1675 1875 1731; x_wconf 72' lang='lat' dir='ltr'><strong>juxta</strong></span> <span class='ocrx_word' id='word_1_159' title='bbox 1915 1689 2023 1718; x_wconf 77' lang='lat' dir='ltr'><strong>cerc—</strong></span> 
     </span>
     <span class='ocr_line' id='line_1_19' title="bbox 374 1734 2023 1796; baseline 0.005 -21"><span class='ocrx_word' id='word_1_160' title='bbox 374 1734 489 1776; x_wconf 75' lang='lat' dir='ltr'><strong>hrum</strong></span> <span class='ocrx_word' id='word_1_161' title='bbox 530 1735 574 1776; x_wconf 88' lang='lat' dir='ltr'><strong>in</strong></span> <span class='ocrx_word' id='word_1_162' title='bbox 611 1737 734 1778; x_wconf 84' lang='lat' dir='ltr'><strong>multa</strong></span> <span class='ocrx_word' id='word_1_163' title='bbox 762 1743 797 1779; x_wconf 88' lang='lat' dir='ltr'><strong>et</strong></span> <span class='ocrx_word' id='word_1_164' title='bbox 825 1738 957 1780; x_wconf 83' lang='lat' dir='ltr'><strong>tenuia</strong></span> <span class='ocrx_word' id='word_1_165' title='bbox 977 1739 1192 1796; x_wconf 83' lang='lat' dir='ltr'><strong><em>foramina</em></strong></span> <span class='ocrx_word' id='word_1_166' title='bbox 1219 1739 1433 1781; x_wconf 78' lang='lat' dir='ltr'><strong><em>diducitur.</em></strong></span> <span class='ocrx_word' id='word_1_167' title='bbox 1463 1764 1515 1770; x_wconf 91' lang='lat'>—</span> <span class='ocrx_word' id='word_1_168' title='bbox 1545 1741 1662 1782; x_wconf 89' lang='lat' dir='ltr'><strong>Hunc</strong></span> <span class='ocrx_word' id='word_1_169' title='bbox 1688 1754 1801 1782; x_wconf 89' lang='lat' dir='ltr'><strong>usum</strong></span> <span class='ocrx_word' id='word_1_170' title='bbox 1829 1741 2023 1796; x_wconf 85' lang='lat' dir='ltr'><strong>posterio-</strong></span> 
     </span>
     <span class='ocr_line' id='line_1_20' title="bbox 373 1803 1434 1859; baseline 0.006 -17"><span class='ocrx_word' id='word_1_171' title='bbox 373 1814 436 1843; x_wconf 88' lang='lat' dir='ltr'><strong>res</strong></span> <span class='ocrx_word' id='word_1_172' title='bbox 463 1803 676 1856; x_wconf 79' lang='lat' dir='ltr'><strong><em>scriptores</em></strong></span> <span class='ocrx_word' id='word_1_173' title='bbox 699 1804 783 1856; x_wconf 87' lang='lat' dir='ltr'><strong>jam</strong></span> <span class='ocrx_word' id='word_1_174' title='bbox 812 1805 904 1846; x_wconf 85' lang='lat' dir='ltr'><strong>inde</strong></span> <span class='ocrx_word' id='word_1_175' title='bbox 931 1819 955 1846; x_wconf 83' lang='lat' dir='ltr'><strong>a</strong></span> <span class='ocrx_word' id='word_1_176' title='bbox 983 1805 1097 1846; x_wconf 89' lang='lat' dir='ltr'><strong>Livio</strong></span> <span class='ocrx_word' id='word_1_177' title='bbox 1127 1807 1434 1859; x_wconf 82' lang='lat' dir='ltr'><strong>frequentarunt.</strong></span> 
     </span>
    </p>
   </div>
   <div class='ocr_carea' id='block_1_8' title="bbox 370 1933 2022 2995">
    <p class='ocr_par' dir='ltr' id='par_1_8' title="bbox 1039 1933 1366 1986">
     <span class='ocr_line' id='line_1_21' title="bbox 1039 1933 1366 1986; baseline 0 -10"><span class='ocrx_word' id='word_1_178' title='bbox 1039 1933 1095 1976; x_wconf 85' lang='lat' dir='ltr'><strong>De</strong></span> <span class='ocrx_word' id='word_1_179' title='bbox 1125 1933 1366 1986; x_wconf 80' lang='lat' dir='ltr'><strong>participiis.</strong></span> 
     </span>
    </p>

    <p class='ocr_par' dir='ltr' id='par_1_9' title="bbox 370 2012 2022 2995">
     <span class='ocr_line' id='line_1_22' title="bbox 481 2012 2021 2070; baseline 0.003 -17"><span class='ocrx_word' id='word_1_180' title='bbox 481 2012 612 2060; x_wconf 83' lang='lat' dir='ltr'><strong>Quum</strong></span> <span class='ocrx_word' id='word_1_181' title='bbox 642 2013 799 2054; x_wconf 91' lang='lat' dir='ltr'><strong>omnino</strong></span> <span class='ocrx_word' id='word_1_182' title='bbox 829 2014 1050 2068; x_wconf 81' lang='lat' dir='ltr'><strong>participiis</strong></span> <span class='ocrx_word' id='word_1_183' title='bbox 1078 2029 1182 2070; x_wconf 81' lang='lat' dir='ltr'><strong>saepe</strong></span> <span class='ocrx_word' id='word_1_184' title='bbox 1211 2015 1445 2057; x_wconf 82' lang='lat' dir='ltr'><strong>adhibendis</strong></span> <span class='ocrx_word' id='word_1_185' title='bbox 1476 2015 1614 2057; x_wconf 88' lang='lat' dir='ltr'><strong>Celsus</strong></span> <span class='ocrx_word' id='word_1_186' title='bbox 1651 2015 1837 2057; x_wconf 81' lang='lat' dir='ltr'><strong>brevitati</strong></span> <span class='ocrx_word' id='word_1_187' title='bbox 1872 2016 2021 2058; x_wconf 82' lang='lat' dir='ltr'><strong>oratio-</strong></span> 
     </span>
     <span class='ocr_line' id='line_1_23' title="bbox 372 2079 2021 2136; baseline 0.002 -16"><span class='ocrx_word' id='word_1_188' title='bbox 372 2079 432 2120; x_wconf 87' lang='lat' dir='ltr'><strong>nis</strong></span> <span class='ocrx_word' id='word_1_189' title='bbox 462 2080 660 2128; x_wconf 79' lang='lat' dir='ltr'><strong>consulat,</strong></span> <span class='ocrx_word' id='word_1_190' title='bbox 687 2085 771 2121; x_wconf 90' lang='lat' dir='ltr'><strong>tum</strong></span> <span class='ocrx_word' id='word_1_191' title='bbox 801 2080 1061 2136; x_wconf 79' lang='lat' dir='ltr'><strong>participium</strong></span> <span class='ocrx_word' id='word_1_192' title='bbox 1088 2081 1220 2131; x_wconf 80' lang='lat' dir='ltr'><strong>futuri</strong></span> <span class='ocrx_word' id='word_1_193' title='bbox 1246 2082 1384 2130; x_wconf 83' lang='lat' dir='ltr'><strong>activi,</strong></span> <span class='ocrx_word' id='word_1_194' title='bbox 1414 2095 1490 2136; x_wconf 91' lang='lat' dir='ltr'><strong>quo</strong></span> <span class='ocrx_word' id='word_1_195' title='bbox 1519 2088 1672 2123; x_wconf 86' lang='lat' dir='ltr'><strong>veteres</strong></span> <span class='ocrx_word' id='word_1_196' title='bbox 1691 2082 1916 2136; x_wconf 81' lang='lat' dir='ltr'><strong>scriptores,</strong></span> <span class='ocrx_word' id='word_1_197' title='bbox 1945 2082 2021 2124; x_wconf 88' lang='lat' dir='ltr'><strong>nisi</strong></span> 
     </span>
     <span class='ocr_line' id='line_1_24' title="bbox 374 2146 2020 2203; baseline 0.002 -17"><span class='ocrx_word' id='word_1_198' title='bbox 374 2158 460 2187; x_wconf 88' lang='lat' dir='ltr'><strong>cum</strong></span> <span class='ocrx_word' id='word_1_199' title='bbox 490 2146 609 2187; x_wconf 87' lang='lat' dir='ltr'><strong>verbo</strong></span> <span class='ocrx_word' id='word_1_200' title='bbox 638 2159 719 2188; x_wconf 77' lang='lat' dir='ltr'><strong>esse</strong></span> <span class='ocrx_word' id='word_1_201' title='bbox 746 2147 1013 2200; x_wconf 85' lang='lat' dir='ltr'><strong>conjungitur,</strong></span> <span class='ocrx_word' id='word_1_202' title='bbox 1043 2149 1101 2189; x_wconf 90' lang='lat' dir='ltr'><strong>uti</strong></span> <span class='ocrx_word' id='word_1_203' title='bbox 1130 2162 1207 2190; x_wconf 91' lang='lat' dir='ltr'><strong>non</strong></span> <span class='ocrx_word' id='word_1_204' title='bbox 1239 2149 1388 2197; x_wconf 86' lang='lat' dir='ltr'><strong>solent,</strong></span> <span class='ocrx_word' id='word_1_205' title='bbox 1429 2148 1626 2189; x_wconf 87' lang='lat' dir='ltr'><strong>nonnullis</strong></span> <span class='ocrx_word' id='word_1_206' title='bbox 1646 2147 1740 2189; x_wconf 87' lang='lat' dir='ltr'><strong>locis</strong></span> <span class='ocrx_word' id='word_1_207' title='bbox 1759 2153 1931 2202; x_wconf 75' lang='lat' dir='ltr'><strong>usurpat</strong></span> <span class='ocrx_word' id='word_1_208' title='bbox 1949 2162 2020 2203; x_wconf 89' lang='lat' dir='ltr'><strong>pro</strong></span> 
     </span>
     <span class='ocr_line' id='line_1_25' title="bbox 372 2212 2022 2269; baseline 0.002 -17"><span class='ocrx_word' id='word_1_209' title='bbox 372 2212 643 2253; x_wconf 84' lang='lat' dir='ltr'><strong>enuntiatione</strong></span> <span class='ocrx_word' id='word_1_210' title='bbox 670 2213 916 2254; x_wconf 83' lang='lat' dir='ltr'><strong>secundaria.</strong></span> <span class='ocrx_word' id='word_1_211' title='bbox 945 2213 982 2264; x_wconf 92' lang='grc' dir='ltr'><strong>Ι,</strong></span> <span class='ocrx_word' id='word_1_212' title='bbox 1013 2215 1038 2254; x_wconf 89' lang='lat'><strong>3</strong></span> <span class='ocrx_word' id='word_1_213' title='bbox 1067 2227 1105 2267; x_wconf 91' lang='lat' dir='ltr'><strong>p.</strong></span> <span class='ocrx_word' id='word_1_214' title='bbox 1137 2214 1200 2265; x_wconf 91' lang='lat'><strong>16,</strong></span> <span class='ocrx_word' id='word_1_215' title='bbox 1230 2216 1283 2255; x_wconf 89' lang='grc'><strong>23</strong></span> <span class='ocrx_word' id='word_1_216' title='bbox 1302 2212 1482 2255; x_wconf 78' lang='lat' dir='ltr'><strong>omnibus</strong></span> <span class='ocrx_word' id='word_1_217' title='bbox 1493 2220 1586 2269; x_wconf 78' lang='lat' dir='ltr'><strong>post</strong></span> <span class='ocrx_word' id='word_1_218' title='bbox 1602 2212 1875 2268; x_wconf 75' lang='lat' dir='ltr'><strong>fatiyationem</strong></span> <span class='ocrx_word' id='word_1_219' title='bbox 1891 2213 2022 2256; x_wconf 85' lang='lat' dir='ltr'><strong>cibum</strong></span> 
     </span>
     <span class='ocr_line' id='line_1_26' title="bbox 371 2275 2022 2339; baseline 0.002 -21"><span class='ocrx_word' id='word_1_220' title='bbox 371 2277 604 2333; x_wconf 79' lang='lat' dir='ltr'><strong>sumpturis.</strong></span> <span class='ocrx_word' id='word_1_221' title='bbox 647 2279 732 2327; x_wconf 92' lang='grc' dir='ltr'><strong>ΙΙΙ,</strong></span> <span class='ocrx_word' id='word_1_222' title='bbox 763 2280 789 2319; x_wconf 87' lang='grc'><strong>2</strong></span> <span class='ocrx_word' id='word_1_223' title='bbox 818 2291 856 2332; x_wconf 92' lang='lat' dir='ltr'><strong>p.</strong></span> <span class='ocrx_word' id='word_1_224' title='bbox 886 2275 940 2320; x_wconf 75' lang='lat'><strong>76</strong></span> <span class='ocrx_word' id='word_1_225' title='bbox 967 2280 1021 2321; x_wconf 87' lang='lat' dir='ltr'><strong>iu.</strong></span> <span class='ocrx_word' id='word_1_226' title='bbox 1051 2286 1095 2321; x_wconf 86' lang='lat' dir='ltr'><strong>ut</strong></span> <span class='ocrx_word' id='word_1_227' title='bbox 1122 2281 1312 2322; x_wconf 84' lang='lat' dir='ltr'><strong>sustinere</strong></span> <span class='ocrx_word' id='word_1_228' title='bbox 1339 2280 1515 2339; x_wconf 81' lang='lat' dir='ltr'><strong>spatium</strong></span> <span class='ocrx_word' id='word_1_229' title='bbox 1543 2278 1736 2336; x_wconf 80' lang='lat' dir='ltr'><strong>affecturi</strong></span> <span class='ocrx_word' id='word_1_230' title='bbox 1761 2278 1859 2322; x_wconf 71' lang='lat' dir='ltr'><strong>malz·</strong></span> <span class='ocrx_word' id='word_1_231' title='bbox 1894 2281 2022 2338; x_wconf 72' lang='lat' dir='ltr'><strong>possit</strong></span> 
     </span>
     <span class='ocr_line' id='line_1_27' title="bbox 373 2343 2019 2401; baseline 0.002 -17"><span class='ocrx_word' id='word_1_232' title='bbox 373 2344 523 2399; x_wconf 72' lang='lat' dir='ltr'><strong>(oeqer).</strong></span> <span class='ocrx_word' id='word_1_233' title='bbox 566 2345 646 2393; x_wconf 89' lang='lat'>111,</span> <span class='ocrx_word' id='word_1_234' title='bbox 676 2343 702 2385; x_wconf 92' lang='lat'><strong>6</strong></span> <span class='ocrx_word' id='word_1_235' title='bbox 731 2357 769 2398; x_wconf 91' lang='lat' dir='ltr'><strong>p.</strong></span> <span class='ocrx_word' id='word_1_236' title='bbox 797 2344 852 2386; x_wconf 85' lang='lat'><strong>85</strong></span> <span class='ocrx_word' id='word_1_237' title='bbox 882 2346 945 2387; x_wconf 86' lang='lat' dir='ltr'><strong>fin.</strong></span> <span class='ocrx_word' id='word_1_238' title='bbox 976 2346 1041 2387; x_wconf 86' lang='lat' dir='ltr'><strong>cui</strong></span> <span class='ocrx_word' id='word_1_239' title='bbox 1064 2346 1186 2401; x_wconf 83' lang='lat' dir='ltr'><strong>facilc</strong></span> <span class='ocrx_word' id='word_1_240' title='bbox 1214 2345 1344 2388; x_wconf 84' lang='lat' dir='ltr'><strong>laturo</strong></span> <span class='ocrx_word' id='word_1_241' title='bbox 1369 2347 1507 2401; x_wconf 72' lang='lat' dir='ltr'><strong>yravis</strong></span> <span class='ocrx_word' id='word_1_242' title='bbox 1541 2346 1662 2388; x_wconf 78' lang='lat' dir='ltr'><strong>instat</strong></span> <span class='ocrx_word' id='word_1_243' title='bbox 1696 2345 1874 2387; x_wconf 73' lang='lat' dir='ltr'><strong>accessio.</strong></span> <span class='ocrx_word' id='word_1_244' title='bbox 1917 2346 2019 2396; x_wconf 85' lang='lat' dir='ltr'>VII,</span> 
     </span>
     <span class='ocr_line' id='line_1_28' title="bbox 375 2407 2019 2469; baseline 0.002 -19"><span class='ocrx_word' id='word_1_245' title='bbox 375 2407 436 2460; x_wconf 80' lang='lat'><strong>17,</strong></span> <span class='ocrx_word' id='word_1_246' title='bbox 467 2411 492 2450; x_wconf 86' lang='lat'>2</span> <span class='ocrx_word' id='word_1_247' title='bbox 521 2417 604 2451; x_wconf 88' lang='lat' dir='ltr'><strong>tum</strong></span> <span class='ocrx_word' id='word_1_248' title='bbox 632 2424 720 2452; x_wconf 88' lang='lat' dir='ltr'><strong>eam</strong></span> <span class='ocrx_word' id='word_1_249' title='bbox 742 2417 902 2466; x_wconf 83' lang='lat' dir='ltr'><strong>partem</strong></span> <span class='ocrx_word' id='word_1_250' title='bbox 929 2410 1234 2468; x_wconf 71' lang='lat' dir='ltr'><strong>eccplanaturus,</strong></span> <span class='ocrx_word' id='word_1_251' title='bbox 1262 2412 1363 2454; x_wconf 82' lang='lat' dir='ltr'><strong>hanc</strong></span> <span class='ocrx_word' id='word_1_252' title='bbox 1392 2425 1544 2468; x_wconf 76' lang='lat' dir='ltr'><strong>quoquc</strong></span> <span class='ocrx_word' id='word_1_253' title='bbox 1571 2426 1614 2454; x_wconf 87' lang='lat' dir='ltr'><strong>eo</strong></span> <span class='ocrx_word' id='word_1_254' title='bbox 1641 2410 1805 2469; x_wconf 69' lang='lat' dir='ltr'><strong>differo.</strong></span> <span class='ocrx_word' id='word_1_255' title='bbox 1848 2411 1964 2461; x_wconf 89' lang='lat' dir='ltr'>VIII,</span> <span class='ocrx_word' id='word_1_256' title='bbox 1992 2411 2019 2453; x_wconf 81' lang='lat'>4</span> 
     </span>
     <span class='ocr_line' id='line_1_29' title="bbox 371 2477 2018 2534; baseline 0.001 -16"><span class='ocrx_word' id='word_1_257' title='bbox 371 2490 410 2530; x_wconf 86' lang='lat' dir='ltr'><strong>p.</strong></span> <span class='ocrx_word' id='word_1_258' title='bbox 440 2477 521 2517; x_wconf 90' lang='grc'><strong>333</strong></span> <span class='ocrx_word' id='word_1_259' title='bbox 549 2477 614 2517; x_wconf 85' lang='lat' dir='ltr'><strong>fin.</strong></span> <span class='ocrx_word' id='word_1_260' title='bbox 645 2491 788 2532; x_wconf 73' lang='lat' dir='ltr'><strong>mayno</strong></span> <span class='ocrx_word' id='word_1_261' title='bbox 816 2477 971 2532; x_wconf 75' lang='lat' dir='ltr'><strong>inyem&#39;o</strong></span> <span class='ocrx_word' id='word_1_262' title='bbox 999 2477 1200 2534; x_wconf 84' lang='lat' dir='ltr'><strong>multaque</strong></span> <span class='ocrx_word' id='word_1_263' title='bbox 1227 2478 1482 2521; x_wconf 71' lang='lat' dir='ltr'><strong>nihilominus</strong></span> <span class='ocrx_word' id='word_1_264' title='bbox 1509 2477 1690 2520; x_wconf 76' lang='lat' dir='ltr'><strong>habituro</strong></span> <span class='ocrx_word' id='word_1_265' title='bbox 1708 2477 1882 2520; x_wconf 75' lang='lat' dir='ltr'><strong>convenit</strong></span> <span class='ocrx_word' id='word_1_266' title='bbox 1899 2477 2018 2520; x_wconf 78' lang='lat' dir='ltr'><strong>etiam</strong></span> 
     </span>
     <span class='ocr_line' id='line_1_30' title="bbox 370 2541 2018 2599; baseline 0.002 -16"><span class='ocrx_word' id='word_1_267' title='bbox 370 2541 543 2596; x_wconf 75' lang='lat' dir='ltr'><strong>simplex</strong></span> <span class='ocrx_word' id='word_1_268' title='bbox 570 2542 656 2584; x_wconf 77' lang='lat' dir='ltr'><strong>veri</strong></span> <span class='ocrx_word' id='word_1_269' title='bbox 682 2542 830 2584; x_wconf 79' lang='lat' dir='ltr'><strong>erroris</strong></span> <span class='ocrx_word' id='word_1_270' title='bbox 858 2542 1060 2599; x_wconf 76' lang='lat' dir='ltr'><strong>confessio.</strong></span> <span class='ocrx_word' id='word_1_271' title='bbox 1104 2545 1230 2595; x_wconf 88' lang='lat' dir='ltr'>VIII,</span> <span class='ocrx_word' id='word_1_272' title='bbox 1258 2542 1285 2587; x_wconf 80' lang='lat'><strong>7</strong></span> <span class='ocrx_word' id='word_1_273' title='bbox 1313 2546 1367 2586; x_wconf 89' lang='lat' dir='ltr'><strong>iu.</strong></span> <span class='ocrx_word' id='word_1_274' title='bbox 1403 2542 1468 2586; x_wconf 80' lang='lat' dir='ltr'><strong>Ab</strong></span> <span class='ocrx_word' id='word_1_275' title='bbox 1504 2542 1566 2585; x_wconf 74' lang='lat' dir='ltr'><strong>his</strong></span> <span class='ocrx_word' id='word_1_276' title='bbox 1600 2543 1656 2585; x_wconf 80' lang='lat' dir='ltr'><strong>ad</strong></span> <span class='ocrx_word' id='word_1_277' title='bbox 1689 2541 1898 2585; x_wconf 66' lang='lat' dir='ltr'><strong>maxillam</strong></span> <span class='ocrx_word' id='word_1_278' title='bbox 1924 2557 2018 2586; x_wconf 83' lang='lat' dir='ltr'><strong>ven-</strong></span> 
     </span>
     <span class='ocr_line' id='line_1_31' title="bbox 371 2608 2017 2667; baseline 0.001 -18"><span class='ocrx_word' id='word_1_279' title='bbox 371 2614 508 2658; x_wconf 73' lang='lat' dir='ltr'><strong>turus,</strong></span> <span class='ocrx_word' id='word_1_280' title='bbox 549 2608 768 2650; x_wconf 82' lang='lat' dir='ltr'><strong>indicanda</strong></span> <span class='ocrx_word' id='word_1_281' title='bbox 809 2610 991 2665; x_wconf 82' lang='lat' dir='ltr'><strong>quaedam</strong></span> <span class='ocrx_word' id='word_1_282' title='bbox 1026 2617 1127 2667; x_wconf 75' lang='lat' dir='ltr'><strong>puto</strong></span> <span class='ocrx_word' id='word_1_283' title='bbox 1156 2634 1222 2652; x_wconf 89' lang='lat'><strong>—-.</strong></span> <span class='ocrx_word' id='word_1_284' title='bbox 1279 2611 1368 2653; x_wconf 90' lang='lat' dir='ltr'><strong>Uno</strong></span> <span class='ocrx_word' id='word_1_285' title='bbox 1398 2610 1481 2651; x_wconf 91' lang='lat' dir='ltr'><strong>loco</strong></span> <span class='ocrx_word' id='word_1_286' title='bbox 1510 2609 1711 2652; x_wconf 86' lang='lat' dir='ltr'><strong>invenitur</strong></span> <span class='ocrx_word' id='word_1_287' title='bbox 1745 2609 1818 2651; x_wconf 87' lang='lat' dir='ltr'><strong>boc</strong></span> <span class='ocrx_word' id='word_1_288' title='bbox 1853 2609 2017 2664; x_wconf 85' lang='lat' dir='ltr'><strong>partici-</strong></span> 
     </span>
     <span class='ocr_line' id='line_1_32' title="bbox 371 2674 2016 2731; baseline 0.001 -15"><span class='ocrx_word' id='word_1_289' title='bbox 371 2675 475 2728; x_wconf 90' lang='lat' dir='ltr'><strong>pium</strong></span> <span class='ocrx_word' id='word_1_290' title='bbox 505 2676 545 2716; x_wconf 86' lang='lat' dir='ltr'><strong>in</strong></span> <span class='ocrx_word' id='word_1_291' title='bbox 575 2688 622 2715; x_wconf 86' lang='lat' dir='ltr'><strong>ea</strong></span> <span class='ocrx_word' id='word_1_292' title='bbox 651 2676 855 2716; x_wconf 88' lang='lat' dir='ltr'><strong>verborum</strong></span> <span class='ocrx_word' id='word_1_293' title='bbox 885 2677 1196 2726; x_wconf 84' lang='lat' dir='ltr'><strong>constructione,</strong></span> <span class='ocrx_word' id='word_1_294' title='bbox 1232 2689 1348 2731; x_wconf 86' lang='lat' dir='ltr'><strong>quam</strong></span> <span class='ocrx_word' id='word_1_295' title='bbox 1393 2675 1588 2717; x_wconf 79' lang='lat' dir='ltr'><strong>ablativos</strong></span> <span class='ocrx_word' id='word_1_296' title='bbox 1623 2674 1824 2717; x_wconf 88' lang='lat' dir='ltr'><strong>absolutos</strong></span> <span class='ocrx_word' id='word_1_297' title='bbox 1853 2681 2016 2717; x_wconf 85' lang='lat' dir='ltr'><strong>vocant:</strong></span> 
     </span>
     <span class='ocr_line' id='line_1_33' title="bbox 371 2739 2017 2798; baseline 0.001 -17"><span class='ocrx_word' id='word_1_298' title='bbox 371 2741 458 2790; x_wconf 91' lang='lat'>111,</span> <span class='ocrx_word' id='word_1_299' title='bbox 487 2741 512 2781; x_wconf 87' lang='lat'><strong>5</strong></span> <span class='ocrx_word' id='word_1_300' title='bbox 541 2754 577 2794; x_wconf 90' lang='lat' dir='ltr'><strong>p.</strong></span> <span class='ocrx_word' id='word_1_301' title='bbox 607 2740 674 2790; x_wconf 89' lang='grc'><strong>83,</strong></span> <span class='ocrx_word' id='word_1_302' title='bbox 703 2743 758 2782; x_wconf 88' lang='grc'><strong>22</strong></span> <span class='ocrx_word' id='word_1_303' title='bbox 787 2741 909 2798; x_wconf 86' lang='lat' dir='ltr'><strong>finito</strong></span> <span class='ocrx_word' id='word_1_304' title='bbox 942 2742 1035 2797; x_wconf 86' lang='lat' dir='ltr'><strong>jam</strong></span> <span class='ocrx_word' id='word_1_305' title='bbox 1073 2742 1310 2798; x_wconf 81' lang='lat' dir='ltr'><strong>9ravissimo</strong></span> <span class='ocrx_word' id='word_1_306' title='bbox 1347 2748 1518 2797; x_wconf 79' lang='lat' dir='ltr'><strong>tempore</strong></span> <span class='ocrx_word' id='word_1_307' title='bbox 1554 2741 1762 2797; x_wconf 78' lang='lat' dir='ltr'><strong>eodemque</strong></span> <span class='ocrx_word' id='word_1_308' title='bbox 1795 2739 2017 2795; x_wconf 71' lang='lat' dir='ltr'><strong>lonyissime</strong></span> 
     </span>
     <span class='ocr_line' id='line_1_34' title="bbox 371 2806 2016 2857; baseline 0.001 -11"><span class='ocrx_word' id='word_1_309' title='bbox 371 2806 557 2857; x_wconf 75' lang='lat' dir='ltr'><strong>distante,</strong></span> <span class='ocrx_word' id='word_1_310' title='bbox 587 2806 777 2848; x_wconf 79' lang='lat' dir='ltr'><strong>secuturis</strong></span> <span class='ocrx_word' id='word_1_311' title='bbox 805 2821 896 2850; x_wconf 87' lang='lat' dir='ltr'><strong>vero</strong></span> <span class='ocrx_word' id='word_1_312' title='bbox 923 2807 1166 2851; x_wconf 77' lang='lat' dir='ltr'><strong>antelucanis</strong></span> <span class='ocrx_word' id='word_1_313' title='bbox 1193 2808 1313 2850; x_wconf 69' lang='lat' dir='ltr'><strong>horis.</strong></span> <span class='ocrx_word' id='word_1_314' title='bbox 1369 2809 1486 2849; x_wconf 88' lang='lat' dir='ltr'><strong>Hunc</strong></span> <span class='ocrx_word' id='word_1_315' title='bbox 1523 2820 1634 2848; x_wconf 88' lang='lat' dir='ltr'><strong>usum</strong></span> <span class='ocrx_word' id='word_1_316' title='bbox 1673 2819 1801 2848; x_wconf 83' lang='lat' dir='ltr'><strong>rarum</strong></span> <span class='ocrx_word' id='word_1_317' title='bbox 1831 2819 1916 2848; x_wconf 85' lang='lat' dir='ltr'><strong>esse</strong></span> <span class='ocrx_word' id='word_1_318' title='bbox 1945 2820 2016 2848; x_wconf 87' lang='lat' dir='ltr'><strong>ne-</strong></span> 
     </span>
     <span class='ocr_line' id='line_1_35' title="bbox 372 2871 2013 2929; baseline 0.001 -17"><span class='ocrx_word' id='word_1_319' title='bbox 372 2885 444 2925; x_wconf 83' lang='lat' dir='ltr'><strong>que</strong></span> <span class='ocrx_word' id='word_1_320' title='bbox 473 2874 576 2926; x_wconf 84' lang='lat' dir='ltr'><strong>apud</strong></span> <span class='ocrx_word' id='word_1_321' title='bbox 606 2874 777 2926; x_wconf 88' lang='lat' dir='ltr'><strong>optimos</strong></span> <span class='ocrx_word' id='word_1_322' title='bbox 806 2875 1015 2928; x_wconf 85' lang='lat' dir='ltr'><strong>scriptores</strong></span> <span class='ocrx_word' id='word_1_323' title='bbox 1045 2882 1221 2924; x_wconf 80' lang='lat' dir='ltr'><strong>exstare,</strong></span> <span class='ocrx_word' id='word_1_324' title='bbox 1250 2873 1495 2928; x_wconf 83' lang='lat' dir='ltr'><strong>grammatici</strong></span> <span class='ocrx_word' id='word_1_325' title='bbox 1525 2878 1774 2915; x_wconf 88' lang='lat' dir='ltr'><strong>commonent</strong></span> <span class='ocrx_word' id='word_1_326' title='bbox 1789 2871 1842 2929; x_wconf 83' lang='lat'><strong>²).</strong></span> <span class='ocrx_word' id='word_1_327' title='bbox 1898 2871 2013 2919; x_wconf 81' lang='lat' dir='ltr'><strong>Quod</strong></span> 
     </span>
     <span class='ocr_line' id='line_1_36' title="bbox 373 2939 2014 2995; baseline 0.001 -16"><span class='ocrx_word' id='word_1_328' title='bbox 373 2945 503 2980; x_wconf 89' lang='lat' dir='ltr'><strong>autem</strong></span> <span class='ocrx_word' id='word_1_329' title='bbox 534 2939 639 2993; x_wconf 86' lang='lat' dir='ltr'><strong>apud</strong></span> <span class='ocrx_word' id='word_1_330' title='bbox 668 2941 856 2993; x_wconf 86' lang='lat' dir='ltr'><strong>quosdam</strong></span> <span class='ocrx_word' id='word_1_331' title='bbox 887 2942 1144 2995; x_wconf 87' lang='lat' dir='ltr'><strong>posteriorum</strong></span> <span class='ocrx_word' id='word_1_332' title='bbox 1173 2940 1409 2995; x_wconf 82' lang='lat' dir='ltr'><strong>scriptorum</strong></span> <span class='ocrx_word' id='word_1_333' title='bbox 1439 2940 1502 2989; x_wconf 83' lang='lat' dir='ltr'><strong>fit,</strong></span> <span class='ocrx_word' id='word_1_334' title='bbox 1539 2945 1584 2981; x_wconf 94' lang='lat' dir='ltr'><strong>ut</strong></span> <span class='ocrx_word' id='word_1_335' title='bbox 1611 2951 1682 2993; x_wconf 86' lang='lat' dir='ltr'><strong>pro</strong></span> <span class='ocrx_word' id='word_1_336' title='bbox 1710 2939 1896 2993; x_wconf 83' lang='lat' dir='ltr'><strong>primaria</strong></span> <span class='ocrx_word' id='word_1_337' title='bbox 1923 2952 2014 2980; x_wconf 88' lang='lat' dir='ltr'><strong>seu-</strong></span> 
     </span>
    </p>
   </div>
   <div class='ocr_carea' id='block_1_9' title="bbox 372 3022 632 3030">
    <p class='ocr_par' dir='ltr' id='par_1_10' title="bbox 372 3022 632 3030">
     <span class='ocr_line' id='line_1_37' title="bbox 372 3022 632 3030; baseline 0 628"><span class='ocrx_word' id='word_1_338' title='bbox 372 3022 632 3030; x_wconf 95' lang='lat' dir='ltr'><strong> </strong></span> 
     </span>
    </p>
   </div>
   <div class='ocr_carea' id='block_1_10' title="bbox 429 3044 1230 3164">
    <p class='ocr_par' dir='ltr' id='par_1_11' title="bbox 429 3044 1230 3164">
     <span class='ocr_line' id='line_1_38' title="bbox 436 3044 1230 3110; baseline 0.005 -15"><span class='ocrx_word' id='word_1_339' title='bbox 436 3057 461 3105; x_wconf 91' lang='lat'><strong>¹)</strong></span> <span class='ocrx_word' id='word_1_340' title='bbox 491 3059 551 3096; x_wconf 84' lang='lat' dir='ltr'><strong>cfr</strong></span> <span class='ocrx_word' id='word_1_341' title='bbox 580 3061 707 3098; x_wconf 80' lang='lat' dir='ltr'><strong>Krebs.</strong></span> <span class='ocrx_word' id='word_1_342' title='bbox 738 3074 766 3098; x_wconf 84' lang='lat' dir='ltr'><strong>s.</strong></span> <span class='ocrx_word' id='word_1_343' title='bbox 798 3075 833 3099; x_wconf 86' lang='lat' dir='ltr'><strong>v.</strong></span> <span class='ocrx_word' id='word_1_344' title='bbox 864 3070 990 3100; x_wconf 79' lang='lat' dir='ltr'><strong>auctor</strong></span> <span class='ocrx_word' id='word_1_345' title='bbox 1017 3075 1103 3110; x_wconf 79' lang='lat' dir='ltr'><strong>pag.</strong></span> <span class='ocrx_word' id='word_1_346' title='bbox 1136 3044 1230 3100; x_wconf 59' lang='lat' dir='ltr'><strong>228ss</strong></span> 
     </span>
     <span class='ocr_line' id='line_1_39' title="bbox 429 3113 966 3164; baseline 0.007 -11"><span class='ocrx_word' id='word_1_347' title='bbox 429 3113 462 3163; x_wconf 84' lang='lat'><strong>²)</strong></span> <span class='ocrx_word' id='word_1_348' title='bbox 491 3118 615 3155; x_wconf 73' lang='lat' dir='ltr'><strong>Madv.</strong></span> <span class='ocrx_word' id='word_1_349' title='bbox 645 3118 667 3164; x_wconf 66' lang='grc' dir='ltr'><strong>ἕ</strong></span> <span class='ocrx_word' id='word_1_350' title='bbox 697 3119 777 3155; x_wconf 84' lang='grc'><strong>428</strong></span> <span class='ocrx_word' id='word_1_351' title='bbox 809 3131 895 3156; x_wconf 79' lang='lat' dir='ltr'><strong>ann.</strong></span> <span class='ocrx_word' id='word_1_352' title='bbox 928 3121 966 3157; x_wconf 80' lang='lat'><strong>3.</strong></span> 
     </span>
    </p>
   </div>
  </div>
 </body>
</html>
