2106 3658
615 372 670 408 De
698 374 906 411 elocutione
934 375 979 411 A.
1010 372 1172 410 Cornelii
1199 372 1306 409 Celsi.
1752 374 1804 410 23

130 492 190 528 tos
216 484 297 527 sibi
323 499 471 542 (syros,
500 486 573 541 qui
599 486 672 529 sub
701 486 945 528 cautioribus
972 487 1136 530 medicis
1164 486 1437 537 trahebantur,
1479 487 1683 529 interdum
1710 502 1806 530 con-

129 553 271 595 trariis
307 553 496 595 remediis
539 561 697 597 sanant.
740 555 801 596 Ib.
831 568 869 608 p.
899 553 967 604 91,
998 554 1051 596 16
1079 569 1180 611 quos
1208 553 1427 611 Herophili
1461 554 1523 596 vel
1557 553 1807 597 Erasistrati

129 619 263 663 oemuli
303 620 378 662 diu
419 626 565 663 tractos
606 635 686 663 non
729 622 1003 677 expedierunt.
1042 623 1117 671 IV,
1145 623 1200 664 23
1229 623 1283 664 in.
1321 622 1367 664 id
1395 622 1574 676 (vitium)
1602 622 1806 664 interdum

128 701 256 744 αρτ-οε
283 687 426 738 trahit,
454 688 657 731 interdum
682 689 953 745 praecipitat),
983 691 1053 732 sed
1084 690 1205 732 etiam
1225 690 1484 731 intransitiva
1500 689 1805 743 significatione,

129 761 175 797 ut
201 754 306 797 idem
335 755 392 796 sit
421 762 540 810 atque
568 756 777 805 sustinere,
816 756 883 811 qui
912 770 1007 797 usus
1036 763 1182 811 praeter
1210 757 1370 798 Celsum
1400 757 1477 798 nisi
1506 757 1612 811 apud
1639 757 1804 799 Florum

129 835 208 864 non
238 822 397 864 videtur
424 829 603 864 exstare:
647 825 709 874 II,
738 822 766 864 8
794 837 834 877 p.
864 823 932 873 48,
966 825 1016 865 12
1052 822 1102 866 Si
1129 824 1220 880 quis
1248 823 1369 871 etiam
1396 825 1442 866 in
1469 837 1513 866 eo
1542 824 1680 867 morbo
1708 825 1805 866 diu·

126 889 206 931 tius
232 890 371 931 tramit.
400 890 504 932 Ibid.
533 904 573 944 p.
601 890 669 941 48,
703 890 755 933 16
782 890 918 946 utique
945 891 984 933 si
1010 898 1166 948 tempus
1195 892 1381 934 autumni
1407 897 1485 942 est,
1514 905 1592 947 quo
1610 890 1705 948 fere
1733 891 1806 948 qui

126 962 255 1000 cetera
278 963 396 1012 parte
424 958 524 999 anni
552 964 764 1000 erasmum:
790 957 1054 1000 resolvuntur.
1098 959 1158 1008 II,
1187 958 1213 1000 6
1242 973 1280 1012 p.
1310 958 1365 1000 38
1392 960 1446 1000 in.
1489 957 1572 1000 Sed
1600 959 1682 1001 hoec
1709 959 1803 1016 qui-

126 1023 216 1068 dem
245 1023 395 1078 (alvus)
430 1031 564 1082 potest
598 1024 726 1082 paulo
769 1024 923 1067 diutius
965 1025 1141 1076 trahere,
1183 1026 1229 1068 in
1251 1026 1458 1082 praecipiti
1485 1040 1579 1068 vero
1600 1026 1693 1083 jam
1721 1041 1806 1070 esse

126 1091 352 1141 denuntiat,
382 1106 471 1148 quae
498 1116 552 1123 —-
580 1093 608 1135 i.
637 1107 673 1134 a.
700 1107 958 1150 permanere,
988 1094 1064 1135 nisi
1085 1094 1272 1135 malueris
1291 1094 1431 1135 audire
1449 1107 1602 1150 oeqrum
1620 1101 1662 1137 et
1680 1095 1804 1136 verbo

127 1159 385 1202 transitivam
414 1160 495 1201 vim
523 1161 731 1214 subjicere.

243 1225 286 1268 U
290 1226 428 1269 nitas
456 1227 632 1282 (Varro,
662 1233 858 1282 argenteae
886 1234 950 1270 aet.
980 1228 1218 1284 scriptores)
1262 1229 1341 1279 IV,
1370 1228 1426 1270 26
1455 1242 1494 1283 p.
1527 1229 1619 1279 152,
1651 1229 1702 1270 10
1731 1228 1802 1270 do-

126 1307 197 1336 nec
224 1295 381 1344 omnia,
410 1309 500 1350 quoe
527 1295 659 1337 indita
687 1301 797 1344 sunt,
826 1294 982 1351 liquata
1009 1295 1052 1336 in
1081 1295 1276 1338 unitatem
1303 1296 1510 1351 quandam
1539 1303 1687 1339 coeant.
1718 1296 1803 1346 VI,

125 1361 166 1413 6,
197 1362 219 1404 1
250 1375 290 1416 p.
319 1358 416 1412 227,
446 1362 512 1404 16.
543 1363 648 1413 VII,
677 1364 718 1413 4,
746 1364 775 1404 4
802 1363 855 1405 in.

243 1428 450 1472 Variare
478 1431 585 1484 apud
615 1430 777 1472 Celsum
808 1443 967 1484 semper
994 1430 1295 1472 intransitivam
1325 1431 1404 1472 vim
1434 1431 1578 1481 habet,
1622 1437 1668 1472 ut
1696 1431 1801 1484 apud

124 1501 284 1551 poetas,
326 1496 510 1547 Livium,
553 1498 805 1551 posteriores.
850 1498 914 1548 ΙΙ,
947 1498 968 1539 l
1006 1498 1059 1539 in.
1091 1497 1164 1539 Ea·
1192 1498 1491 1554 tempestatibus
1518 1513 1610 1540 vero
1638 1500 1801 1554 optimoe

124 1563 296 1620 aequales
323 1570 432 1614 sunt,
460 1564 544 1606 sive
568 1565 738 1620 friqidae
764 1566 846 1607 sive
875 1564 1034 1614 calidos,
1058 1564 1265 1621 pessimae,
1308 1580 1396 1622 quoe
1423 1567 1599 1608 maxime
1627 1565 1802 1606 variant.

105 1632 208 1682 1111,
235 1633 263 1673 2
290 1631 346 1674 in.
375 1632 460 1682 111,
487 1632 542 1673 24
570 1646 610 1686 p.
644 1631 736 1683 116,
765 1632 804 1675 6.
833 1635 889 1683 v,
918 1629 986 1682 27,
1015 1633 1041 1673 3
1069 1634 1123 1674 in.

242 1697 460 1742 Venatio
500 1713 606 1753 saepe
648 1700 796 1742 dicitur
837 1714 908 1755 pro
951 1700 1193 1742 animalibus
1232 1701 1446 1742 venatione
1476 1701 1608 1755 captis
1639 1707 1683 1742 et
1711 1700 1802 1742 cibo

123 1766 215 1808 inde
257 1772 422 1821 parato,
464 1767 575 1808 velut
617 1768 659 1817 Ι,
696 1766 724 1809 6
769 1766 935 1810 Venatio
979 1756 1167 1824 durique
1186 1768 1321 1823 pisces
1350 1792 1403 1799 -—-
1431 1768 1608 1810 maxime
1640 1768 1801 1824 juvant.

124 1833 267 1891 (Vsrr.
296 1835 388 1876 Liv.
418 1831 526 1890 Col.)

242 1899 403 1944 Venus
445 1903 650 1944 translata
686 1902 818 1957 signif.
847 1907 1055 1956 poetarum
1085 1915 1193 1944 more
1221 1916 1328 1957 saepe
1357 1908 1574 1958 usurpatur
1602 1915 1674 1957 pro
1704 1915 1802 1944 con-

122 1968 272 2011 cubitu.

239 2034 380 2079 Vicis
407 2038 625 2088 vocabulo,
655 2038 758 2092 quod
793 2037 1031 2079 recentiores
1064 2037 1280 2091 scriptores
1313 2051 1416 2092 saepe
1442 2043 1651 2092 usurpant,
1681 2050 1801 2092 quum

123 2104 231 2158 apud
273 2109 429 2146 veteres
473 2118 551 2147 non
594 2106 653 2147 ita.
695 2106 878 2160 frequens
920 2105 991 2154 sit,
1043 2105 1185 2146 Celsus
1221 2118 1300 2147 uno
1344 2105 1432 2146 loco
1477 2105 1688 2159 conjunxit
1729 2117 1803 2146 eec-

121 2170 256 2214 hibere
283 2172 372 2222 ΠΙ,
399 2172 429 2214 4
456 2186 494 2226 p.
524 2170 578 2215 79
607 2173 662 2214 in.
693 2171 990 2228 (Asclepiades)
1016 2172 1165 2227 primis
1193 2172 1332 2214 diebus
1367 2172 1531 2214 tortoris
1566 2172 1693 2214 vicem
1729 2184 1803 2213 ex-

121 2237 250 2280 hibuit
291 2239 371 2296 (cfr
390 2239 522 2298 funyi
548 2239 631 2283 vice
658 2237 771 2295 Liv.)
800 2240 910 2281 Plur.
946 2239 1050 2281 vices
1086 2240 1212 2281 habet
1246 2240 1334 2290 ΙΙΙ,
1366 2240 1418 2281 12
1445 2240 1499 2282 in.
1529 2238 1803 2281 accessionum

121 2312 158 2348 et
200 2305 475 2348 decessionum
514 2308 617 2350 vices
625 2322 641 2356 ‚·
682 2307 747 2357 ΙΙ,
777 2303 804 2348 ‘7
831 2320 871 2360 p.
899 2306 968 2356 41,
1001 2308 1052 2348 12
1085 2306 1208 2361 pedes
1236 2306 1341 2348 inter
1368 2321 1411 2349 se
1438 2305 1609 2348 subinde
1635 2305 1803 2347 mutatis

121 2372 274 2415 vicibus
313 2373 548 2429 implicant3
590 2375 693 2424 VII,
722 2373 789 2423 26,
818 2374 844 2414 3
873 2373 926 2414 in.
955 2373 1096 2415 leniter
1117 2374 1358 2430 permutatis
1387 2373 1554 2415 subinde
1582 2373 1802 2430 diyitorum

121 2439 284 2483 vicibus.
314 2464 369 2471 —-
397 2440 454 2483 Iu
481 2441 607 2484 vicem
642 2442 799 2483 duobus
835 2441 933 2482 locis
963 2441 989 2483 i.
1019 2454 1050 2482 S.
1081 2454 1119 2495 q.
1143 2455 1246 2496 pro,
1289 2440 1396 2483 loco:
1438 2441 1524 2489 111,
1553 2439 1580 2482 6
1607 2454 1645 2494 p.
1675 2436 1744 2490 87,
1774 2440 1800 2480 3

120 2507 167 2550 in
208 2507 337 2551 vicem
379 2507 462 2564 ejus
495 2507 764 2562 (sorbitionis)
773 2522 789 2557 ,-
817 2508 894 2557 IV,
927 2509 977 2549 13
1006 2522 1043 2562 p.
1077 2507 1170 2557 139,
1202 2509 1266 2550 11.
1325 2508 1556 2561 Saepissime
1585 2507 1801 2549 adhibetur

122 2575 261 2618 eodem
290 2576 408 2618 modo
437 2582 559 2631 atque
587 2575 776 2618 vicissim.
834 2575 991 2625 Caesar,
1021 2575 1161 2616 Livius
1192 2575 1264 2617 has
1293 2576 1604 2629 significationes
1635 2575 1798 2617 habent.

239 2641 410 2685 Votum
436 2650 508 2686 est
534 2644 561 2686 i.
592 2657 630 2685 a.
660 2642 882 2700 optandum
917 2648 994 2692 est,
1037 2648 1109 2684 aut
1137 2643 1320 2684 absolute
1349 2649 1421 2684 aut
1447 2647 1636 2696 sequente
1665 2648 1709 2683 ut
1737 2641 1801 2682 vel

119 2709 329 2752 infinitivo.
372 2711 455 2760 111,
485 2711 512 2752 4
540 2711 594 2753 in.
623 2711 669 2752 id
697 2717 830 2752 votum
858 2716 925 2752 est.
970 2710 1051 2760 VI,
1080 2709 1119 2759 6,
1153 2711 1171 2750 1
1205 2723 1241 2764 p.
1272 2709 1355 2751 226
1384 2710 1439 2751 in.
1475 2715 1686 2765 votumque
1723 2714 1800 2758 est,

120 2782 167 2818 ut
206 2783 363 2820 tardum
405 2777 662 2821 mulceretur.
705 2779 768 2827 II,
796 2778 823 2819 5
852 2778 906 2818 in.
950 2776 1051 2819 Post
1085 2776 1166 2819 hoec
1199 2777 1354 2819 indicia
1391 2783 1524 2819 votum
1552 2782 1608 2819 est
1636 2776 1799 2831 lonqum

119 2843 303 2887 morbum
318 2845 432 2904 fieri.
488 2846 560 2888 cfr
587 2845 729 2893 Quint.
760 2846 857 2887 inst.
887 2858 943 2887 or.
977 2846 1040 2893 12,
1070 2844 1109 2892 5,
1138 2844 1165 2887 6
1193 2842 1275 2887 Sed
1308 2844 1379 2886 hoc
1412 2850 1544 2886 votum
1569 2850 1627 2885 est
1644 2850 1679 2886 et
1699 2857 1799 2884 rara

109 2909 313 2967 felicitas3
353 2927 444 2970 quae
484 2912 523 2955 si
563 2927 644 2955 non
687 2913 808 2964 adsit,
851 2927 947 2955 sane
988 2911 1166 2969 sufficiat
1206 2911 1258 2953 ab
1287 2911 1357 2963 iis,
1395 2911 1538 2968 quibus
1566 2911 1658 2966 quis
1684 2912 1798 2962 dicit.

120 2979 273 3023 audiri.
