2106 3658
570 320 623 356 De
652 320 859 357 elocutione
887 319 933 356 A.
964 318 1125 356 Cornelii
1152 318 1259 355 Celsi.
1705 320 1750 355 11

75 437 213 488 ruber,
257 434 603 488 subrubicundas,
643 434 884 485 subviridis,
928 434 1206 492 suppallidus3
1242 433 1487 492 praedulcis,
1527 433 1756 484 subsalsus3

76 518 288 553 carnosus,
330 503 489 553 enodis,
527 516 787 558 perora-isus,
823 517 1046 559 permacer,
1075 503 1269 553 resimas,
1297 500 1583 551 semicirculus,
1611 501 1755 544 subro-

77 572 248 621 tanaus,
275 571 541 627 suppinyuis3
569 569 755 620 bil-iosus,
780 569 1038 624 faeculentus,
1063 568 1292 625 jurulentas
1322 575 1423 620 cet.;

189 639 330 680 verba:
357 637 711 694 circumpurqare‚
741 637 989 687 decolorare,
1017 638 1232 688 deradere,
1267 651 1552 687 emam-escere,
1588 636 1754 679 exsani-

75 721 168 756 are,
195 711 417 756 exterrere,
447 705 678 761 incoquere,
705 703 904 762 infriare,
933 705 1147 760 inunyere,
1178 704 1409 761 pervolare,
1437 702 1633 760 perflare,
1667 704 1753 746 sin-

72 773 240 831 gultire,
268 787 482 830 soporare,
506 772 802 830 sussumiyare,
822 779 1161 828 supere-onteyere,
1183 786 1498 828 supercrescere,
1517 764 1751 827 superdare,

74 839 368 898 superillinere,
410 840 769 897 superincrescere,
810 840 1144 896 superinunyere‚
1187 840 1462 897 superjacere,
1498 840 1751 895 super-nasci,

74 914 321 957 transsuere,
348 907 600 963 spissescere,
628 907 884 950 intumescere
912 913 988 949 cet.

183 976 320 1030 Atque
349 975 548 1016 nonnullis
578 975 698 1016 etiam
729 975 914 1024 vocibus,
944 975 1089 1029 quibus
1109 974 1229 1016 etiam
1250 974 1474 1027 superiores
1493 974 1636 1016 solutae
1657 987 1751 1016 ora-

75 1043 197 1085 tionis
226 1043 440 1096 scriptores
470 1055 563 1084 usos
591 1042 713 1083 fuisse
743 1042 914 1092 scimus,
943 1043 1049 1096 apud
1080 1042 1239 1084 Celsum
1269 1055 1376 1082 nova.
1394 1042 1457 1083 vis
1477 1042 1658 1095 subjecta
1677 1049 1750 1092 est,

74 1111 274 1153 translata
302 1111 354 1151 ad
383 1109 620 1151 medicinam
651 1123 787 1151 earum
816 1110 1117 1163 significatione.
1176 1109 1304 1151 Velut
1332 1108 1558 1159 abscedere,
1593 1109 1751 1151 absces-

74 1193 163 1229 sus,
206 1177 377 1219 accessio
421 1176 469 1233 (i.
499 1191 535 1218 a.
565 1178 742 1230 impetus
773 1176 939 1233 febris),
981 1176 1212 1232 compositio
1256 1176 1302 1232 (i.
1339 1190 1376 1217 a.
1413 1177 1750 1218 medicamentum

75 1244 380 1300 compositum),
408 1250 570 1285 curatus
598 1244 644 1300 (i.
673 1258 711 1286 a.
742 1251 954 1298 purgatus,
984 1257 1110 1298 graece
1139 1243 1544 1301 τεθεραπευμένος),
1574 1244 1750 1301 dejectio,

75 1312 328 1361 descendere,
357 1311 548 1354 desidere.

185 1378 304 1427 Quod
333 1386 468 1421 autem
498 1385 653 1433 partem
683 1379 823 1420 horum
852 1384 894 1420 et
913 1379 1054 1420 talium
1076 1380 1307 1429 verborum,
1336 1380 1386 1421 ad
1409 1379 1615 1420 medicinae
1636 1393 1750 1421 usum

73 1448 362 1502 spectantium,
407 1447 514 1500 apud
558 1446 757 1487 neminem
791 1452 886 1488 ante
920 1447 1081 1488 Celsum
1112 1448 1350 1501 scriptorem
1380 1447 1552 1488 inveniri
1581 1447 1685 1495 dixi,
1715 1447 1751 1487 si

75 1528 210 1556 eorum
239 1515 325 1568 ipse
353 1514 493 1557 Celsus
523 1514 659 1568 aliqua
688 1527 792 1555 nova
822 1514 998 1563 effinxit,
1043 1514 1118 1556 hoc
1155 1521 1262 1556 certe
1294 1515 1465 1555 ei·laudi
1494 1514 1750 1555 tribuendum

73 1588 154 1632 est,
182 1582 288 1637 quod
317 1582 430 1623 novis
460 1582 594 1623 verbis
622 1581 796 1622 inventis
825 1594 1047 1622 sermonem
1077 1582 1245 1623 latinum
1281 1582 1579 1636 locupletiorem
1615 1582 1751 1622 reddi-

74 1651 147 1692 dit.
203 1649 347 1703 Neque
376 1655 513 1690 tamen
545 1662 634 1690 eum
665 1649 792 1690 multa
822 1649 1017 1690 vocabula
1047 1662 1215 1690 novasse
1245 1649 1495 1703 putaverim,
1525 1662 1646 1703 quum
1676 1662 1750 1702 po-

74 1718 154 1759 tius
198 1716 387 1758 credibile
429 1717 501 1765 sit,
544 1729 680 1757 eorum
723 1716 897 1770 plurima
925 1723 1021 1758 ante
1052 1730 1140 1758 eum
1169 1718 1231 1758 vel
1262 1718 1302 1758 in
1333 1730 1516 1758 sermone
1548 1716 1750 1758 hominum

75 1784 216 1834 fuisse,
245 1784 308 1824 vel
337 1784 378 1825 in
410 1784 617 1838 permultis
646 1784 716 1832 iis,
746 1797 834 1837 quae
862 1783 1090 1837 perierunt,
1129 1784 1265 1826 latinae
1296 1785 1438 1837 linguae
1467 1784 1750 1825 monumentis.

74 1853 163 1894 Hoc
189 1857 326 1893 autem
356 1864 475 1905 quam
505 1851 624 1892 facile
654 1851 812 1892 evenire
842 1851 1040 1904 potuerit,
1070 1858 1116 1893 ut
1144 1852 1270 1893 multa
1289 1852 1479 1894 Celsiana
1498 1852 1625 1892 verba
1644 1852 1752 1905 apud

73 1919 295 1973 superiores
324 1918 558 1972 scriptores,
588 1931 752 1972 quorum
783 1919 873 1959 libri
902 1925 1229 1972 permanserunt,
1259 1933 1336 1960 non
1368 1924 1600 1967 exstarent,
1637 1932 1752 1959 nemo

75 1999 154 2028 non
198 1987 327 2035 videt,
372 1986 516 2040 quippe
547 1999 665 2039 quum
697 1986 852 2027 illorum
883 1986 1042 2039 plurimi
1071 1986 1111 2027 in
1141 1987 1260 2028 rebus
1291 2000 1452 2040 prorsus
1482 1987 1648 2027 diversis
1679 2000 1752 2026 ex-

75 2053 270 2107 ponendis
312 2053 428 2107 longe
470 2053 590 2094 aliam
633 2053 906 2094 desiderarent
942 2053 1225 2095 vocabulorum
1255 2054 1431 2108 copiam,
1475 2067 1593 2108 quam
1623 2053 1657 2094 is
1686 2053 1753 2107 qui

75 2128 205 2162 artem
233 2120 418 2162 medendi
446 2121 637 2162 traderet.
696 2121 791 2162 Sive
819 2127 954 2162 autem
983 2127 1079 2162 sunt
1106 2121 1190 2163 haec
1221 2123 1345 2162 verba
1375 2135 1399 2162 a
1428 2121 1543 2163 Celso
1568 2122 1656 2174 ipso
1678 2135 1753 2162 no-

75 2193 193 2237 vata,
234 2187 320 2228 sive
362 2192 458 2229 ante
500 2201 588 2228 eum
631 2201 784 2242 quoque
814 2188 1049 2238 exstabant,
1095 2202 1172 2229 non
1203 2189 1369 2230 dubium
1400 2195 1481 2238 est,
1512 2189 1606 2243 quin
1638 2189 1752 2230 bonae

75 2254 290 2296 latinitatis
332 2254 437 2304 sint,
480 2267 600 2309 quum
645 2255 697 2295 ad
733 2255 907 2296 indolem
942 2262 983 2296 et
1023 2262 1208 2297 naturam
1244 2257 1387 2309 linguae
1416 2247 1554 2297 latinae
1585 2269 1752 2298 accura-

74 2322 228 2364 tissime
258 2323 508 2364 conformata
535 2335 626 2362 esse
655 2322 881 2364 videantur.
941 2321 1043 2368 Quae
1073 2336 1191 2376 quum
1222 2324 1280 2364 ita
1309 2330 1464 2373 essent,
1495 2324 1674 2372 verebar,
1704 2337 1752 2364 ne

75 2402 238 2444 operam
283 2390 508 2443 perderem,
550 2389 585 2430 si
628 2390 765 2430 omnia
807 2402 854 2430 es.
896 2390 1094 2431 vocabula
1137 2404 1369 2432 enumerare
1406 2396 1574 2432 conatus
1604 2404 1753 2440 essem,

75 2456 216 2511 quibus
258 2462 353 2498 ante
382 2457 541 2499 Celsum
571 2461 642 2498 aut
670 2469 786 2497 nemo
816 2457 989 2511 scriptor
1019 2463 1090 2498 aut
1119 2463 1246 2511 poetae
1273 2458 1401 2499 solum
1430 2458 1492 2499 usi
1523 2471 1610 2499 esse
1639 2459 1753 2499 vide-

73 2529 212 2566 rentur
220 2537 233 2575 3
263 2524 485 2578 praesertim
513 2536 634 2578 quum
663 2529 844 2565 exstaret
871 2525 1027 2566 lexicon
1058 2524 1300 2575 CeIsianum,
1325 2539 1351 2567 a
1370 2525 1544 2579 Georgio
1565 2526 1752 2567 Matthiae

74 2604 232 2633 summa
272 2591 474 2634 industria
511 2590 780 2645 conscriptum
798 2591 861 2646 ¹),
904 2592 1008 2633 unde
1037 2592 1071 2633 si
1101 2593 1190 2646 quis
1219 2593 1261 2634 in
1291 2593 1395 2634 hanc
1423 2606 1505 2634 rem
1535 2593 1659 2634 vellet
1686 2594 1753 2634 in-

75 2658 252 2712 quirere,
294 2671 528 2712 cognoscere
571 2658 723 2700 liceret.
781 2661 917 2713 Atque
955 2673 1003 2700 ne
1036 2660 1077 2700 id
1114 2659 1271 2714 quidem
1315 2660 1610 2714 suscipiendum
1655 2660 1753 2702 mihi

75 2738 162 2767 esse
191 2725 352 2780 putavi,
394 2732 440 2768 ut
467 2739 515 2768 ea
544 2725 763 2775 vocabula,
806 2740 893 2780 quae
922 2727 1029 2768 solus
1059 2727 1198 2768 Celsus
1227 2741 1420 2781 usurpa-re
1449 2728 1671 2777 videretur,
1699 2728 1752 2770 ab

76 2791 127 2834 iis
153 2793 458 2847 distinguerem,
486 2807 573 2848 quae
602 2794 637 2834 ei
667 2800 804 2835 essent
832 2807 920 2835 cum
951 2794 1042 2835 aliis
1070 2794 1330 2848 scriptoribus
1359 2796 1597 2837 communia.

186 2858 322 2907 Quare
367 2873 460 2915 ego,
504 2860 661 2902 omissis
704 2861 784 2902 fere
826 2861 876 2902 iis
920 2862 1144 2910 vocabulis,
1187 2875 1274 2916 quae
1303 2863 1355 2903 ad
1390 2868 1517 2904 artem
1548 2876 1752 2917 exponen-

78 2925 171 2968 dam
199 2927 372 2969 maxime
400 2929 584 2970 videntur
612 2927 830 2981 pertinere,
860 2942 964 2970 nunc
993 2942 1041 2970 ea
1070 2929 1194 2970 verbs.
1222 2943 1368 2984 easque
1400 2931 1610 2972 verborum
1625 2930 1751 2984 signi-

70 2987 280 3036 'ficstiones
308 3000 428 3051 atque
456 3002 679 3037 structuras
709 3009 951 3050 proponam,
982 2996 1124 3051 quibus
1154 2998 1303 3039 utendo
1338 2997 1482 3040 Celsus
1514 3012 1540 3040 a
1573 3003 1751 3040 veterum

144 3135 171 3185 ¹)
198 3139 299 3177 Inest
326 3140 368 3176 in
395 3140 486 3178 edit.
518 3139 667 3189 Targae,
699 3141 816 3190 Lugd.
847 3142 980 3179 Batav.
1017 3142 1140 3179 1785.
