<?xml version="1.0" encoding="UTF-8"?>
<!DOCTYPE html PUBLIC "-//W3C//DTD XHTML 1.0 Transitional//EN"
    "http://www.w3.org/TR/xhtml1/DTD/xhtml1-transitional.dtd">
<html xmlns="http://www.w3.org/1999/xhtml" xml:lang="en" lang="en">
 <head>
  <title>
</title>
<meta http-equiv="Content-Type" content="text/html;charset=utf-8" />
  <meta name='ocr-system' content='tesseract 3.04.00' />
  <meta name='ocr-capabilities' content='ocr_page ocr_carea ocr_par ocr_line ocrx_word'/>
</head>
<body>
  <div class='ocr_page' id='page_1' title='image "./deelocutioneacor00broluoft_0049.png"; bbox 0 0 2106 3658; ppageno 0'>
   <div class='ocr_carea' id='block_1_1' title="bbox 592 389 1774 429">
    <p class='ocr_par' dir='ltr' id='par_1_1' title="bbox 592 389 1774 429">
     <span class='ocr_line' id='line_1_1' title="bbox 592 389 1774 429; baseline 0.003 -3"><span class='ocrx_word' id='word_1_1' title='bbox 592 389 646 426; x_wconf 89' lang='lat' dir='ltr'>De</span> <span class='ocrx_word' id='word_1_2' title='bbox 675 389 883 427; x_wconf 78' lang='lat' dir='ltr'>elocutione</span> <span class='ocrx_word' id='word_1_3' title='bbox 911 390 956 427; x_wconf 89' lang='lat' dir='ltr'>A.</span> <span class='ocrx_word' id='word_1_4' title='bbox 988 389 1148 427; x_wconf 82' lang='lat' dir='ltr'>Cornelii</span> <span class='ocrx_word' id='word_1_5' title='bbox 1178 390 1285 428; x_wconf 84' lang='lat' dir='ltr'>Celsi.</span> <span class='ocrx_word' id='word_1_6' title='bbox 1723 393 1774 429; x_wconf 80' lang='lat'>43</span> 
     </span>
    </p>
   </div>
   <div class='ocr_carea' id='block_1_2' title="bbox 97 502 1778 563">
    <p class='ocr_par' dir='ltr' id='par_1_2' title="bbox 97 502 1778 563">
     <span class='ocr_line' id='line_1_2' title="bbox 97 502 1778 563; baseline 0.003 -19"><span class='ocrx_word' id='word_1_7' title='bbox 97 502 195 544; x_wconf 84' lang='lat' dir='ltr'>locis</span> <span class='ocrx_word' id='word_1_8' title='bbox 224 503 293 546; x_wconf 89' lang='lat' dir='ltr'>uni</span> <span class='ocrx_word' id='word_1_9' title='bbox 322 504 383 546; x_wconf 84' lang='lat' dir='ltr'>vel</span> <span class='ocrx_word' id='word_1_10' title='bbox 415 504 571 546; x_wconf 90' lang='lat' dir='ltr'>duobus</span> <span class='ocrx_word' id='word_1_11' title='bbox 600 505 732 546; x_wconf 85' lang='lat' dir='ltr'>verbis</span> <span class='ocrx_word' id='word_1_12' title='bbox 761 506 1018 560; x_wconf 85' lang='lat' dir='ltr'>postponitur</span> <span class='ocrx_word' id='word_1_13' title='bbox 1029 504 1082 563; x_wconf 84' lang='lat'>¹).</span> <span class='ocrx_word' id='word_1_14' title='bbox 1105 530 1158 537; x_wconf 90' lang='lat'>-</span> <span class='ocrx_word' id='word_1_15' title='bbox 1187 503 1352 563; x_wconf 80' lang='lat' dir='ltr'>Quoque</span> <span class='ocrx_word' id='word_1_16' title='bbox 1379 512 1472 560; x_wconf 87' lang='lat' dir='ltr'>post</span> <span class='ocrx_word' id='word_1_17' title='bbox 1501 519 1591 547; x_wconf 85' lang='lat' dir='ltr'>eam</span> <span class='ocrx_word' id='word_1_18' title='bbox 1616 520 1778 556; x_wconf 82' lang='lat' dir='ltr'>vocem,</span> 
     </span>
    </p>
   </div>
   <div class='ocr_carea' id='block_1_3' title="bbox 98 571 1779 695">
    <p class='ocr_par' dir='ltr' id='par_1_3' title="bbox 98 571 1779 695">
     <span class='ocr_line' id='line_1_3' title="bbox 98 571 1779 631; baseline 0.003 -20"><span class='ocrx_word' id='word_1_19' title='bbox 98 571 151 612; x_wconf 83' lang='lat' dir='ltr'>ad</span> <span class='ocrx_word' id='word_1_20' title='bbox 194 584 312 624; x_wconf 76' lang='lat' dir='ltr'>quam</span> <span class='ocrx_word' id='word_1_21' title='bbox 340 571 532 625; x_wconf 83' lang='lat' dir='ltr'>pertinet,</span> <span class='ocrx_word' id='word_1_22' title='bbox 574 572 751 626; x_wconf 88' lang='lat' dir='ltr'>positum</span> <span class='ocrx_word' id='word_1_23' title='bbox 781 580 846 615; x_wconf 88' lang='lat' dir='ltr'>est</span> <span class='ocrx_word' id='word_1_24' title='bbox 873 574 935 623; x_wconf 90' lang='lat'>11,</span> <span class='ocrx_word' id='word_1_25' title='bbox 964 573 992 615; x_wconf 88' lang='grc'>8</span> <span class='ocrx_word' id='word_1_26' title='bbox 1020 587 1059 628; x_wconf 89' lang='lat' dir='ltr'>p.</span> <span class='ocrx_word' id='word_1_27' title='bbox 1088 573 1164 624; x_wconf 84' lang='lat'>45,</span> <span class='ocrx_word' id='word_1_28' title='bbox 1193 575 1242 615; x_wconf 87' lang='lat'>21</span> <span class='ocrx_word' id='word_1_29' title='bbox 1284 587 1441 631; x_wconf 82' lang='lat' dir='ltr'>quoque</span> <span class='ocrx_word' id='word_1_30' title='bbox 1469 580 1686 616; x_wconf 69' lang='lat' dir='ltr'>menstrua.</span> <span class='ocrx_word' id='word_1_31' title='bbox 1718 576 1779 617; x_wconf 88' lang='lat' dir='ltr'>Ib.</span> 
     </span>
     <span class='ocr_line' id='line_1_4' title="bbox 98 638 660 695; baseline 0.005 -17"><span class='ocrx_word' id='word_1_32' title='bbox 98 651 137 692; x_wconf 89' lang='lat' dir='ltr'>p.</span> <span class='ocrx_word' id='word_1_33' title='bbox 157 638 234 688; x_wconf 96' lang='lat'>48,</span> <span class='ocrx_word' id='word_1_34' title='bbox 263 640 317 680; x_wconf 87' lang='lat'>33</span> <span class='ocrx_word' id='word_1_35' title='bbox 346 652 500 695; x_wconf 81' lang='lat' dir='ltr'>quoque</span> <span class='ocrx_word' id='word_1_36' title='bbox 529 640 660 682; x_wconf 67' lang='lat' dir='ltr'>tussis.</span> 
     </span>
    </p>
   </div>
   <div class='ocr_carea' id='block_1_4' title="bbox 705 749 1168 804">
    <p class='ocr_par' dir='ltr' id='par_1_4' title="bbox 705 749 1168 804">
     <span class='ocr_line' id='line_1_5' title="bbox 705 749 1168 804; baseline 0.004 -13"><span class='ocrx_word' id='word_1_37' title='bbox 705 749 760 792; x_wconf 87' lang='lat' dir='ltr'>De</span> <span class='ocrx_word' id='word_1_38' title='bbox 793 749 1168 804; x_wconf 75' lang='lat' dir='ltr'>praepositionibus.</span> 
     </span>
    </p>
   </div>
   <div class='ocr_carea' id='block_1_5' title="bbox 91 833 1787 2965">
    <p class='ocr_par' dir='ltr' id='par_1_5' title="bbox 96 833 1783 1295">
     <span class='ocr_line' id='line_1_6' title="bbox 207 833 1783 888; baseline 0.002 -14"><span class='ocrx_word' id='word_1_39' title='bbox 207 833 458 875; x_wconf 87' lang='lat' dir='ltr'>Insolentius</span> <span class='ocrx_word' id='word_1_40' title='bbox 489 833 629 876; x_wconf 85' lang='lat' dir='ltr'>Celsus</span> <span class='ocrx_word' id='word_1_41' title='bbox 659 834 759 876; x_wconf 84' lang='lat' dir='ltr'>duas</span> <span class='ocrx_word' id='word_1_42' title='bbox 789 835 1095 888; x_wconf 72' lang='lat' dir='ltr'>praepositiones</span> <span class='ocrx_word' id='word_1_43' title='bbox 1132 849 1220 877; x_wconf 88' lang='lat' dir='ltr'>cum</span> <span class='ocrx_word' id='word_1_44' title='bbox 1253 835 1388 876; x_wconf 88' lang='lat' dir='ltr'>eodem</span> <span class='ocrx_word' id='word_1_45' title='bbox 1418 836 1543 877; x_wconf 89' lang='lat' dir='ltr'>verbo</span> <span class='ocrx_word' id='word_1_46' title='bbox 1574 836 1783 888; x_wconf 84' lang='lat' dir='ltr'>conjunxit</span> 
     </span>
     <span class='ocr_line' id='line_1_7' title="bbox 96 899 1783 958; baseline 0.001 -15"><span class='ocrx_word' id='word_1_47' title='bbox 96 901 159 949; x_wconf 87' lang='grc' dir='ltr'>ΙΙ,</span> <span class='ocrx_word' id='word_1_48' title='bbox 188 899 216 942; x_wconf 87' lang='lat'><strong>6</strong></span> <span class='ocrx_word' id='word_1_49' title='bbox 252 913 293 954; x_wconf 87' lang='lat' dir='ltr'>p.</span> <span class='ocrx_word' id='word_1_50' title='bbox 322 901 400 949; x_wconf 87' lang='lat'>36,</span> <span class='ocrx_word' id='word_1_51' title='bbox 430 901 486 941; x_wconf 92' lang='lat'>30</span> <span class='ocrx_word' id='word_1_52' title='bbox 524 907 595 941; x_wconf 76' lang='lat' dir='ltr'>aut</span> <span class='ocrx_word' id='word_1_53' title='bbox 632 908 723 942; x_wconf 80' lang='lat' dir='ltr'>ante</span> <span class='ocrx_word' id='word_1_54' title='bbox 760 908 832 943; x_wconf 81' lang='lat' dir='ltr'>aut</span> <span class='ocrx_word' id='word_1_55' title='bbox 860 902 905 943; x_wconf 81' lang='lat' dir='ltr'>in</span> <span class='ocrx_word' id='word_1_56' title='bbox 932 902 1022 958; x_wconf 82' lang='lat' dir='ltr'>ipso</span> <span class='ocrx_word' id='word_1_57' title='bbox 1050 901 1214 952; x_wconf 75' lang='lat' dir='ltr'>morbo3</span> <span class='ocrx_word' id='word_1_58' title='bbox 1254 903 1316 951; x_wconf 94' lang='grc' dir='ltr'>ΙΙ,</span> <span class='ocrx_word' id='word_1_59' title='bbox 1346 899 1371 943; x_wconf 83' lang='lat'><strong>7</strong></span> <span class='ocrx_word' id='word_1_60' title='bbox 1400 903 1468 943; x_wconf 91' lang='lat' dir='ltr'>fin.</span> <span class='ocrx_word' id='word_1_61' title='bbox 1505 902 1566 944; x_wconf 88' lang='lat' dir='ltr'>vel</span> <span class='ocrx_word' id='word_1_62' title='bbox 1594 909 1686 944; x_wconf 75' lang='lat' dir='ltr'>ante</span> <span class='ocrx_word' id='word_1_63' title='bbox 1721 902 1783 946; x_wconf 85' lang='lat' dir='ltr'>vel</span> 
     </span>
     <span class='ocr_line' id='line_1_8' title="bbox 97 967 1783 1026; baseline 0.002 -16"><span class='ocrx_word' id='word_1_64' title='bbox 97 967 206 1010; x_wconf 80' lang='lat' dir='ltr'>circa</span> <span class='ocrx_word' id='word_1_65' title='bbox 234 967 469 1009; x_wconf 71' lang='lat' dir='ltr'>vicesimum</span> <span class='ocrx_word' id='word_1_66' title='bbox 496 968 625 1018; x_wconf 82' lang='lat' dir='ltr'>diem3</span> <span class='ocrx_word' id='word_1_67' title='bbox 669 969 799 1018; x_wconf 88' lang='lat' dir='ltr'>VIII,</span> <span class='ocrx_word' id='word_1_68' title='bbox 832 970 848 1009; x_wconf 86' lang='lat' dir='ltr'>l</span> <span class='ocrx_word' id='word_1_69' title='bbox 884 982 925 1022; x_wconf 87' lang='lat' dir='ltr'>p.</span> <span class='ocrx_word' id='word_1_70' title='bbox 955 970 1061 1019; x_wconf 88' lang='lat'>325,</span> <span class='ocrx_word' id='word_1_71' title='bbox 1094 971 1145 1011; x_wconf 87' lang='lat'>13</span> <span class='ocrx_word' id='word_1_72' title='bbox 1182 984 1310 1026; x_wconf 76' lang='lat' dir='ltr'>supra</span> <span class='ocrx_word' id='word_1_73' title='bbox 1339 968 1500 1025; x_wconf 81' lang='lat' dir='ltr'>infrave</span> <span class='ocrx_word' id='word_1_74' title='bbox 1536 985 1626 1012; x_wconf 85' lang='lat' dir='ltr'>eum</span> <span class='ocrx_word' id='word_1_75' title='bbox 1662 971 1783 1022; x_wconf 82' lang='lat' dir='ltr'>(den-</span> 
     </span>
     <span class='ocr_line' id='line_1_9' title="bbox 98 1036 1783 1092; baseline 0.001 -14"><span class='ocrx_word' id='word_1_76' title='bbox 98 1038 207 1088; x_wconf 79' lang='lat' dir='ltr'>tem).</span> <span class='ocrx_word' id='word_1_77' title='bbox 266 1036 418 1076; x_wconf 84' lang='lat' dir='ltr'><strong>Tamen</strong></span> <span class='ocrx_word' id='word_1_78' title='bbox 449 1042 511 1076; x_wconf 89' lang='lat' dir='ltr'>est</span> <span class='ocrx_word' id='word_1_79' title='bbox 539 1037 859 1085; x_wconf 86' lang='lat' dir='ltr'>observandum,</span> <span class='ocrx_word' id='word_1_80' title='bbox 889 1037 929 1077; x_wconf 91' lang='lat' dir='ltr'>in</span> <span class='ocrx_word' id='word_1_81' title='bbox 961 1037 1031 1086; x_wconf 86' lang='lat' dir='ltr'>iis,</span> <span class='ocrx_word' id='word_1_82' title='bbox 1060 1050 1148 1091; x_wconf 85' lang='lat' dir='ltr'>quae</span> <span class='ocrx_word' id='word_1_83' title='bbox 1177 1037 1322 1086; x_wconf 86' lang='lat' dir='ltr'>attuli,</span> <span class='ocrx_word' id='word_1_84' title='bbox 1352 1037 1546 1091; x_wconf 87' lang='lat' dir='ltr'>exemplis</span> <span class='ocrx_word' id='word_1_85' title='bbox 1567 1051 1654 1079; x_wconf 86' lang='lat' dir='ltr'>eam</span> <span class='ocrx_word' id='word_1_86' title='bbox 1674 1051 1783 1092; x_wconf 85' lang='lat' dir='ltr'>prae-</span> 
     </span>
     <span class='ocr_line' id='line_1_10' title="bbox 98 1102 1783 1159; baseline 0.002 -16"><span class='ocrx_word' id='word_1_87' title='bbox 98 1102 358 1158; x_wconf 82' lang='lat' dir='ltr'>positionem,</span> <span class='ocrx_word' id='word_1_88' title='bbox 396 1116 484 1157; x_wconf 86' lang='lat' dir='ltr'>quae</span> <span class='ocrx_word' id='word_1_89' title='bbox 514 1103 772 1144; x_wconf 87' lang='lat' dir='ltr'>substantivo</span> <span class='ocrx_word' id='word_1_90' title='bbox 802 1110 929 1150; x_wconf 86' lang='lat' dir='ltr'>caret,</span> <span class='ocrx_word' id='word_1_91' title='bbox 969 1104 1091 1145; x_wconf 85' lang='lat' dir='ltr'>talem</span> <span class='ocrx_word' id='word_1_92' title='bbox 1121 1118 1224 1154; x_wconf 89' lang='lat' dir='ltr'>esse,</span> <span class='ocrx_word' id='word_1_93' title='bbox 1263 1117 1351 1158; x_wconf 87' lang='lat' dir='ltr'>quae</span> <span class='ocrx_word' id='word_1_94' title='bbox 1381 1105 1504 1145; x_wconf 81' lang='lat' dir='ltr'>etiam</span> <span class='ocrx_word' id='word_1_95' title='bbox 1537 1118 1609 1159; x_wconf 88' lang='lat' dir='ltr'>pro</span> <span class='ocrx_word' id='word_1_96' title='bbox 1638 1107 1783 1147; x_wconf 83' lang='lat' dir='ltr'>adver-</span> 
     </span>
     <span class='ocr_line' id='line_1_11' title="bbox 99 1170 1783 1225; baseline 0.002 -15"><span class='ocrx_word' id='word_1_97' title='bbox 99 1171 164 1211; x_wconf 89' lang='lat' dir='ltr'>bio</span> <span class='ocrx_word' id='word_1_98' title='bbox 199 1170 384 1224; x_wconf 84' lang='lat' dir='ltr'>usurpari</span> <span class='ocrx_word' id='word_1_99' title='bbox 422 1171 566 1224; x_wconf 90' lang='lat' dir='ltr'>possit.</span> <span class='ocrx_word' id='word_1_100' title='bbox 625 1171 857 1212; x_wconf 89' lang='lat' dir='ltr'>Admodum</span> <span class='ocrx_word' id='word_1_101' title='bbox 888 1177 1021 1212; x_wconf 86' lang='lat' dir='ltr'>autem</span> <span class='ocrx_word' id='word_1_102' title='bbox 1053 1185 1142 1212; x_wconf 81' lang='lat' dir='ltr'>raro</span> <span class='ocrx_word' id='word_1_103' title='bbox 1174 1172 1284 1225; x_wconf 83' lang='lat' dir='ltr'>apud</span> <span class='ocrx_word' id='word_1_104' title='bbox 1313 1171 1482 1212; x_wconf 84' lang='lat' dir='ltr'>Latinos</span> <span class='ocrx_word' id='word_1_105' title='bbox 1511 1173 1619 1222; x_wconf 88' lang='lat' dir='ltr'>fieri,</span> <span class='ocrx_word' id='word_1_106' title='bbox 1650 1178 1695 1214; x_wconf 86' lang='lat' dir='ltr'>ut</span> <span class='ocrx_word' id='word_1_107' title='bbox 1724 1173 1783 1214; x_wconf 87' lang='lat' dir='ltr'>ei-</span> 
     </span>
     <span class='ocr_line' id='line_1_12' title="bbox 99 1238 1624 1295; baseline 0.001 -17"><span class='ocrx_word' id='word_1_108' title='bbox 99 1239 187 1279; x_wconf 90' lang='lat' dir='ltr'>dem</span> <span class='ocrx_word' id='word_1_109' title='bbox 218 1238 341 1278; x_wconf 89' lang='lat' dir='ltr'>verbo</span> <span class='ocrx_word' id='word_1_110' title='bbox 372 1238 461 1278; x_wconf 86' lang='lat' dir='ltr'>duae</span> <span class='ocrx_word' id='word_1_111' title='bbox 490 1238 798 1292; x_wconf 71' lang='lat' dir='ltr'>praepositiones</span> <span class='ocrx_word' id='word_1_112' title='bbox 828 1244 1105 1292; x_wconf 81' lang='lat' dir='ltr'>apponantur,</span> <span class='ocrx_word' id='word_1_113' title='bbox 1134 1239 1384 1292; x_wconf 82' lang='lat' dir='ltr'>grammatici</span> <span class='ocrx_word' id='word_1_114' title='bbox 1413 1240 1624 1295; x_wconf 78' lang='lat' dir='ltr'>docent2).</span> 
     </span>
    </p>

    <p class='ocr_par' dir='ltr' id='par_1_6' title="bbox 98 1305 1783 1426">
     <span class='ocr_line' id='line_1_13' title="bbox 209 1305 1783 1361; baseline 0.001 -14"><span class='ocrx_word' id='word_1_115' title='bbox 209 1305 504 1358; x_wconf 86' lang='lat' dir='ltr'>Praepositione</span> <span class='ocrx_word' id='word_1_116' title='bbox 534 1306 618 1346; x_wconf 86' lang='lat' dir='ltr'>sola</span> <span class='ocrx_word' id='word_1_117' title='bbox 647 1307 726 1347; x_wconf 90' lang='lat' dir='ltr'>duo</span> <span class='ocrx_word' id='word_1_118' title='bbox 755 1306 1017 1347; x_wconf 85' lang='lat' dir='ltr'>substantiva.</span> <span class='ocrx_word' id='word_1_119' title='bbox 1044 1319 1069 1347; x_wconf 82' lang='lat' dir='ltr'>a</span> <span class='ocrx_word' id='word_1_120' title='bbox 1099 1306 1216 1348; x_wconf 85' lang='lat' dir='ltr'>Celso</span> <span class='ocrx_word' id='word_1_121' title='bbox 1246 1319 1325 1346; x_wconf 91' lang='lat' dir='ltr'>non</span> <span class='ocrx_word' id='word_1_122' title='bbox 1357 1319 1446 1347; x_wconf 84' lang='lat' dir='ltr'>raro</span> <span class='ocrx_word' id='word_1_123' title='bbox 1478 1307 1682 1361; x_wconf 86' lang='lat' dir='ltr'>conjungi,</span> <span class='ocrx_word' id='word_1_124' title='bbox 1711 1320 1783 1348; x_wconf 89' lang='lat' dir='ltr'>su-</span> 
     </span>
     <span class='ocr_line' id='line_1_14' title="bbox 98 1373 1619 1426; baseline 0.001 -12"><span class='ocrx_word' id='word_1_125' title='bbox 98 1385 176 1426; x_wconf 79' lang='lat' dir='ltr'>pra.</span> <span class='ocrx_word' id='word_1_126' title='bbox 204 1373 537 1422; x_wconf 84' lang='lat' dir='ltr'>commemoravi,</span> <span class='ocrx_word' id='word_1_127' title='bbox 581 1373 650 1414; x_wconf 92' lang='lat' dir='ltr'>ubi</span> <span class='ocrx_word' id='word_1_128' title='bbox 680 1373 729 1413; x_wconf 88' lang='lat' dir='ltr'>de</span> <span class='ocrx_word' id='word_1_129' title='bbox 760 1373 958 1414; x_wconf 81' lang='lat' dir='ltr'>brevitate</span> <span class='ocrx_word' id='word_1_130' title='bbox 990 1373 1077 1426; x_wconf 89' lang='lat' dir='ltr'>ejus</span> <span class='ocrx_word' id='word_1_131' title='bbox 1105 1373 1298 1414; x_wconf 88' lang='lat' dir='ltr'>sermonis</span> <span class='ocrx_word' id='word_1_132' title='bbox 1330 1373 1489 1414; x_wconf 85' lang='lat' dir='ltr'>locutus</span> <span class='ocrx_word' id='word_1_133' title='bbox 1519 1387 1619 1415; x_wconf 92' lang='lat' dir='ltr'>sum.</span> 
     </span>
    </p>

    <p class='ocr_par' dir='ltr' id='par_1_7' title="bbox 91 1437 1784 1831">
     <span class='ocr_line' id='line_1_15' title="bbox 206 1437 1783 1494; baseline 0.001 -14"><span class='ocrx_word' id='word_1_134' title='bbox 206 1437 333 1481; x_wconf 77' lang='lat' dir='ltr'>Ante</span> <span class='ocrx_word' id='word_1_135' title='bbox 368 1439 504 1481; x_wconf 76' lang='lat' dir='ltr'>omnia</span> <span class='ocrx_word' id='word_1_136' title='bbox 540 1441 641 1481; x_wconf 84' lang='lat' dir='ltr'>satis</span> <span class='ocrx_word' id='word_1_137' title='bbox 677 1442 908 1494; x_wconf 85' lang='lat' dir='ltr'>frequenter</span> <span class='ocrx_word' id='word_1_138' title='bbox 947 1446 988 1481; x_wconf 92' lang='lat' dir='ltr'>et</span> <span class='ocrx_word' id='word_1_139' title='bbox 1030 1441 1294 1494; x_wconf 86' lang='lat' dir='ltr'>temporalem</span> <span class='ocrx_word' id='word_1_140' title='bbox 1332 1441 1412 1481; x_wconf 91' lang='lat' dir='ltr'>vim</span> <span class='ocrx_word' id='word_1_141' title='bbox 1455 1441 1599 1491; x_wconf 84' lang='lat' dir='ltr'>habet,</span> <span class='ocrx_word' id='word_1_142' title='bbox 1643 1447 1689 1483; x_wconf 90' lang='lat' dir='ltr'>ut</span> <span class='ocrx_word' id='word_1_143' title='bbox 1725 1442 1783 1482; x_wconf 91' lang='lat' dir='ltr'>si-</span> 
     </span>
     <span class='ocr_line' id='line_1_16' title="bbox 98 1506 1784 1562; baseline 0.001 -14"><span class='ocrx_word' id='word_1_144' title='bbox 98 1506 259 1560; x_wconf 80' lang='lat' dir='ltr'>gnificet</span> <span class='ocrx_word' id='word_1_145' title='bbox 287 1507 345 1556; x_wconf 92' lang='lat' dir='ltr'>id,</span> <span class='ocrx_word' id='word_1_146' title='bbox 383 1508 489 1561; x_wconf 92' lang='lat' dir='ltr'>quod</span> <span class='ocrx_word' id='word_1_147' title='bbox 517 1508 690 1562; x_wconf 90' lang='lat' dir='ltr'>primum</span> <span class='ocrx_word' id='word_1_148' title='bbox 721 1507 947 1549; x_wconf 86' lang='lat' dir='ltr'>faciendum</span> <span class='ocrx_word' id='word_1_149' title='bbox 978 1514 1062 1557; x_wconf 89' lang='lat' dir='ltr'>est,</span> <span class='ocrx_word' id='word_1_150' title='bbox 1092 1508 1201 1549; x_wconf 91' lang='lat' dir='ltr'>velut</span> <span class='ocrx_word' id='word_1_151' title='bbox 1230 1508 1336 1557; x_wconf 93' lang='lat' dir='ltr'>VII,</span> <span class='ocrx_word' id='word_1_152' title='bbox 1366 1508 1442 1556; x_wconf 91' lang='lat'>30,</span> <span class='ocrx_word' id='word_1_153' title='bbox 1472 1509 1498 1548; x_wconf 90' lang='lat'>2</span> <span class='ocrx_word' id='word_1_154' title='bbox 1535 1508 1663 1550; x_wconf 76' lang='lat' dir='ltr'>Alvus</span> <span class='ocrx_word' id='word_1_155' title='bbox 1692 1515 1784 1550; x_wconf 73' lang='lat' dir='ltr'>ante</span> 
     </span>
     <span class='ocr_line' id='line_1_17' title="bbox 99 1574 1783 1632; baseline 0.001 -16"><span class='ocrx_word' id='word_1_156' title='bbox 99 1574 235 1616; x_wconf 80' lang='lat' dir='ltr'>omnia</span> <span class='ocrx_word' id='word_1_157' title='bbox 264 1574 448 1623; x_wconf 77' lang='lat' dir='ltr'>ducitur,</span> <span class='ocrx_word' id='word_1_158' title='bbox 486 1582 527 1616; x_wconf 91' lang='lat' dir='ltr'>et</span> <span class='ocrx_word' id='word_1_159' title='bbox 555 1575 617 1616; x_wconf 85' lang='lat' dir='ltr'>ita</span> <span class='ocrx_word' id='word_1_160' title='bbox 644 1575 817 1629; x_wconf 88' lang='lat' dir='ltr'>positum</span> <span class='ocrx_word' id='word_1_161' title='bbox 849 1575 1072 1624; x_wconf 87' lang='lat' dir='ltr'>invenitur,</span> <span class='ocrx_word' id='word_1_162' title='bbox 1111 1581 1158 1617; x_wconf 90' lang='lat' dir='ltr'>ut</span> <span class='ocrx_word' id='word_1_163' title='bbox 1186 1575 1290 1616; x_wconf 89' lang='lat' dir='ltr'>idem</span> <span class='ocrx_word' id='word_1_164' title='bbox 1321 1575 1456 1616; x_wconf 81' lang='lat' dir='ltr'>valeat</span> <span class='ocrx_word' id='word_1_165' title='bbox 1485 1583 1604 1629; x_wconf 85' lang='lat' dir='ltr'>atque</span> <span class='ocrx_word' id='word_1_166' title='bbox 1628 1576 1783 1632; x_wconf 79' lang='lat' dir='ltr'>praeoi-</span> 
     </span>
     <span class='ocr_line' id='line_1_18' title="bbox 91 1641 1782 1698; baseline 0 -14"><span class='ocrx_word' id='word_1_167' title='bbox 91 1655 193 1698; x_wconf 78' lang='lat' dir='ltr'>pue,</span> <span class='ocrx_word' id='word_1_168' title='bbox 228 1643 339 1684; x_wconf 83' lang='lat' dir='ltr'>velut</span> <span class='ocrx_word' id='word_1_169' title='bbox 377 1643 418 1692; x_wconf 92' lang='grc' dir='ltr'>Ι,</span> <span class='ocrx_word' id='word_1_170' title='bbox 448 1643 474 1683; x_wconf 90' lang='lat'><strong>3</strong></span> <span class='ocrx_word' id='word_1_171' title='bbox 504 1655 545 1696; x_wconf 90' lang='lat' dir='ltr'>p.</span> <span class='ocrx_word' id='word_1_172' title='bbox 579 1641 632 1683; x_wconf 87' lang='lat'>18</span> <span class='ocrx_word' id='word_1_173' title='bbox 660 1642 714 1684; x_wconf 91' lang='lat' dir='ltr'>in.</span> <span class='ocrx_word' id='word_1_174' title='bbox 774 1641 880 1684; x_wconf 80' lang='lat' dir='ltr'>Ante</span> <span class='ocrx_word' id='word_1_175' title='bbox 918 1643 1054 1683; x_wconf 78' lang='lat' dir='ltr'>omnia</span> <span class='ocrx_word' id='word_1_176' title='bbox 1091 1649 1222 1684; x_wconf 76' lang='lat' dir='ltr'>autem</span> <span class='ocrx_word' id='word_1_177' title='bbox 1251 1642 1360 1683; x_wconf 78' lang='lat' dir='ltr'>norit</span> <span class='ocrx_word' id='word_1_178' title='bbox 1397 1642 1566 1698; x_wconf 77' lang='lat' dir='ltr'>quisque</span> <span class='ocrx_word' id='word_1_179' title='bbox 1594 1650 1782 1684; x_wconf 76' lang='lat' dir='ltr'>naturam</span> 
     </span>
     <span class='ocr_line' id='line_1_19' title="bbox 99 1709 1780 1766; baseline 0.001 -16"><span class='ocrx_word' id='word_1_180' title='bbox 99 1709 165 1751; x_wconf 72' lang='lat' dir='ltr'>sui</span> <span class='ocrx_word' id='word_1_181' title='bbox 192 1709 388 1766; x_wconf 74' lang='lat' dir='ltr'>corporis.</span> <span class='ocrx_word' id='word_1_182' title='bbox 447 1710 567 1751; x_wconf 82' lang='lat' dir='ltr'>Hanc</span> <span class='ocrx_word' id='word_1_183' title='bbox 601 1710 929 1763; x_wconf 87' lang='lat' dir='ltr'>significationem</span> <span class='ocrx_word' id='word_1_184' title='bbox 970 1723 996 1750; x_wconf 83' lang='lat' dir='ltr'>a</span> <span class='ocrx_word' id='word_1_185' title='bbox 1023 1710 1164 1759; x_wconf 90' lang='lat' dir='ltr'>Livi0‚</span> <span class='ocrx_word' id='word_1_186' title='bbox 1202 1710 1311 1751; x_wconf 82' lang='lat' dir='ltr'>illam</span> <span class='ocrx_word' id='word_1_187' title='bbox 1342 1711 1453 1764; x_wconf 85' lang='lat' dir='ltr'>apud</span> <span class='ocrx_word' id='word_1_188' title='bbox 1484 1710 1780 1757; x_wconf 84' lang='lat' dir='ltr'>Quintilianum</span> 
     </span>
     <span class='ocr_line' id='line_1_20' title="bbox 101 1778 1589 1831; baseline 0.001 -13"><span class='ocrx_word' id='word_1_189' title='bbox 101 1778 274 1819; x_wconf 82' lang='lat' dir='ltr'>maxime</span> <span class='ocrx_word' id='word_1_190' title='bbox 304 1778 568 1831; x_wconf 84' lang='lat' dir='ltr'>frequentari,</span> <span class='ocrx_word' id='word_1_191' title='bbox 599 1778 743 1819; x_wconf 84' lang='lat' dir='ltr'>docent</span> <span class='ocrx_word' id='word_1_192' title='bbox 771 1778 907 1819; x_wconf 84' lang='lat' dir='ltr'>Hand.</span> <span class='ocrx_word' id='word_1_193' title='bbox 937 1791 970 1819; x_wconf 82' lang='lat' dir='ltr'>S.</span> <span class='ocrx_word' id='word_1_194' title='bbox 1001 1790 1061 1827; x_wconf 77' lang='lat' dir='ltr'>V.‚</span> <span class='ocrx_word' id='word_1_195' title='bbox 1090 1778 1227 1818; x_wconf 88' lang='lat' dir='ltr'>Klotz.</span> <span class='ocrx_word' id='word_1_196' title='bbox 1257 1778 1297 1818; x_wconf 91' lang='lat' dir='ltr'>in</span> <span class='ocrx_word' id='word_1_197' title='bbox 1329 1778 1456 1819; x_wconf 84' lang='lat' dir='ltr'>lexico</span> <span class='ocrx_word' id='word_1_198' title='bbox 1486 1791 1519 1819; x_wconf 89' lang='lat' dir='ltr'>s.</span> <span class='ocrx_word' id='word_1_199' title='bbox 1550 1791 1589 1819; x_wconf 78' lang='grc' dir='ltr'>ν.</span> 
     </span>
    </p>

    <p class='ocr_par' dir='ltr' id='par_1_8' title="bbox 99 1842 1785 2437">
     <span class='ocr_line' id='line_1_21' title="bbox 211 1842 1784 1900; baseline -0.001 -15"><span class='ocrx_word' id='word_1_200' title='bbox 211 1842 354 1886; x_wconf 82' lang='lat' dir='ltr'>Circa</span> <span class='ocrx_word' id='word_1_201' title='bbox 383 1843 495 1900; x_wconf 84' lang='lat' dir='ltr'>(quae</span> <span class='ocrx_word' id='word_1_202' title='bbox 524 1845 656 1886; x_wconf 87' lang='lat' dir='ltr'>forma</span> <span class='ocrx_word' id='word_1_203' title='bbox 684 1845 791 1898; x_wconf 80' lang='lat' dir='ltr'>apud</span> <span class='ocrx_word' id='word_1_204' title='bbox 823 1844 985 1886; x_wconf 87' lang='lat' dir='ltr'>Celsum</span> <span class='ocrx_word' id='word_1_205' title='bbox 1015 1844 1141 1885; x_wconf 90' lang='lat' dir='ltr'>multo</span> <span class='ocrx_word' id='word_1_206' title='bbox 1172 1845 1416 1898; x_wconf 83' lang='lat' dir='ltr'>frequentior</span> <span class='ocrx_word' id='word_1_207' title='bbox 1445 1850 1507 1885; x_wconf 88' lang='lat' dir='ltr'>est</span> <span class='ocrx_word' id='word_1_208' title='bbox 1535 1858 1653 1899; x_wconf 82' lang='lat' dir='ltr'>quam</span> <span class='ocrx_word' id='word_1_209' title='bbox 1677 1844 1784 1886; x_wconf 82' lang='lat' dir='ltr'>cir-</span> 
     </span>
     <span class='ocr_line' id='line_1_22' title="bbox 99 1911 1784 1967; baseline 0 -15"><span class='ocrx_word' id='word_1_210' title='bbox 99 1925 220 1962; x_wconf 75' lang='lat' dir='ltr'>cum,</span> <span class='ocrx_word' id='word_1_211' title='bbox 249 1912 356 1966; x_wconf 89' lang='lat' dir='ltr'>quod</span> <span class='ocrx_word' id='word_1_212' title='bbox 385 1912 515 1953; x_wconf 89' lang='lat' dir='ltr'>tribus</span> <span class='ocrx_word' id='word_1_213' title='bbox 544 1912 641 1953; x_wconf 85' lang='lat' dir='ltr'>locis</span> <span class='ocrx_word' id='word_1_214' title='bbox 672 1911 895 1967; x_wconf 85' lang='lat' dir='ltr'>invenitur)</span> <span class='ocrx_word' id='word_1_215' title='bbox 925 1918 964 1953; x_wconf 88' lang='lat' dir='ltr'>et</span> <span class='ocrx_word' id='word_1_216' title='bbox 995 1912 1044 1952; x_wconf 89' lang='lat' dir='ltr'>de</span> <span class='ocrx_word' id='word_1_217' title='bbox 1072 1917 1253 1965; x_wconf 86' lang='lat' dir='ltr'>tempore</span> <span class='ocrx_word' id='word_1_218' title='bbox 1282 1917 1502 1965; x_wconf 84' lang='lat' dir='ltr'>usurpatur</span> <span class='ocrx_word' id='word_1_219' title='bbox 1521 1919 1562 1954; x_wconf 89' lang='lat' dir='ltr'>et</span> <span class='ocrx_word' id='word_1_220' title='bbox 1586 1925 1675 1953; x_wconf 88' lang='lat' dir='ltr'>cum</span> <span class='ocrx_word' id='word_1_221' title='bbox 1693 1925 1784 1953; x_wconf 89' lang='lat' dir='ltr'>ver—</span> 
     </span>
     <span class='ocr_line' id='line_1_23' title="bbox 101 1979 1785 2034; baseline 0 -14"><span class='ocrx_word' id='word_1_222' title='bbox 101 1979 184 2029; x_wconf 85' lang='lat' dir='ltr'>bis,</span> <span class='ocrx_word' id='word_1_223' title='bbox 232 1992 319 2034; x_wconf 86' lang='lat' dir='ltr'>quae</span> <span class='ocrx_word' id='word_1_224' title='bbox 358 1979 522 2020; x_wconf 90' lang='lat' dir='ltr'>modum</span> <span class='ocrx_word' id='word_1_225' title='bbox 562 1979 623 2020; x_wconf 90' lang='lat' dir='ltr'>vel</span> <span class='ocrx_word' id='word_1_226' title='bbox 663 1993 868 2021; x_wconf 88' lang='lat' dir='ltr'>numerum</span> <span class='ocrx_word' id='word_1_227' title='bbox 897 1979 1144 2032; x_wconf 83' lang='lat' dir='ltr'>significant,</span> <span class='ocrx_word' id='word_1_228' title='bbox 1187 1979 1389 2033; x_wconf 84' lang='lat' dir='ltr'>reperitur</span> <span class='ocrx_word' id='word_1_229' title='bbox 1416 1980 1696 2033; x_wconf 83' lang='lat' dir='ltr'>conjunctum,</span> <span class='ocrx_word' id='word_1_230' title='bbox 1739 1985 1785 2020; x_wconf 88' lang='lat' dir='ltr'>ut</span> 
     </span>
     <span class='ocr_line' id='line_1_24' title="bbox 101 2046 1784 2102; baseline -0.001 -14"><span class='ocrx_word' id='word_1_231' title='bbox 101 2047 348 2099; x_wconf 80' lang='lat' dir='ltr'>intelligatur</span> <span class='ocrx_word' id='word_1_232' title='bbox 377 2060 563 2088; x_wconf 85' lang='lat' dir='ltr'>numerus</span> <span class='ocrx_word' id='word_1_233' title='bbox 593 2047 655 2087; x_wconf 90' lang='lat' dir='ltr'>vel</span> <span class='ocrx_word' id='word_1_234' title='bbox 695 2060 883 2089; x_wconf 79' lang='lat' dir='ltr'>mensura</span> <span class='ocrx_word' id='word_1_235' title='bbox 921 2060 1000 2087; x_wconf 91' lang='lat' dir='ltr'>non</span> <span class='ocrx_word' id='word_1_236' title='bbox 1031 2051 1220 2088; x_wconf 84' lang='lat' dir='ltr'>accurate</span> <span class='ocrx_word' id='word_1_237' title='bbox 1259 2046 1492 2102; x_wconf 70' lang='lat' dir='ltr'>definita3).</span> <span class='ocrx_word' id='word_1_238' title='bbox 1549 2048 1615 2088; x_wconf 81' lang='lat' dir='ltr'>Ita</span> <span class='ocrx_word' id='word_1_239' title='bbox 1644 2047 1784 2087; x_wconf 89' lang='lat' dir='ltr'>Livius</span> 
     </span>
     <span class='ocr_line' id='line_1_25' title="bbox 101 2112 1785 2169; baseline -0.001 -14"><span class='ocrx_word' id='word_1_240' title='bbox 101 2127 257 2168; x_wconf 90' lang='lat' dir='ltr'>quoque</span> <span class='ocrx_word' id='word_1_241' title='bbox 287 2120 329 2155; x_wconf 90' lang='lat' dir='ltr'>et</span> <span class='ocrx_word' id='word_1_242' title='bbox 357 2115 612 2168; x_wconf 64' lang='lat' dir='ltr'>posteriores</span> <span class='ocrx_word' id='word_1_243' title='bbox 641 2115 720 2163; x_wconf 88' lang='lat' dir='ltr'>IV,</span> <span class='ocrx_word' id='word_1_244' title='bbox 748 2114 804 2156; x_wconf 89' lang='lat'>26</span> <span class='ocrx_word' id='word_1_245' title='bbox 840 2128 880 2168; x_wconf 89' lang='lat' dir='ltr'>p.</span> <span class='ocrx_word' id='word_1_246' title='bbox 914 2113 1013 2162; x_wconf 84' lang='lat'>151,</span> <span class='ocrx_word' id='word_1_247' title='bbox 1042 2114 1097 2155; x_wconf 87' lang='lat'>24</span> <span class='ocrx_word' id='word_1_248' title='bbox 1136 2113 1281 2155; x_wconf 80' lang='lat' dir='ltr'>deinde</span> <span class='ocrx_word' id='word_1_249' title='bbox 1304 2113 1431 2169; x_wconf 77' lang='lat' dir='ltr'>panis</span> <span class='ocrx_word' id='word_1_250' title='bbox 1459 2114 1568 2155; x_wconf 75' lang='lat' dir='ltr'>circa</span> <span class='ocrx_word' id='word_1_251' title='bbox 1596 2112 1785 2155; x_wconf 80' lang='lat' dir='ltr'>selibram</span> 
     </span>
     <span class='ocr_line' id='line_1_26' title="bbox 102 2180 1784 2235; baseline 0 -13"><span class='ocrx_word' id='word_1_252' title='bbox 102 2196 152 2222; x_wconf 69' lang='lat' dir='ltr'>ea·</span> <span class='ocrx_word' id='word_1_253' title='bbox 179 2182 273 2223; x_wconf 81' lang='lat' dir='ltr'>vino</span> <span class='ocrx_word' id='word_1_254' title='bbox 301 2182 458 2223; x_wconf 79' lang='lat' dir='ltr'>amineo</span> <span class='ocrx_word' id='word_1_255' title='bbox 485 2195 595 2223; x_wconf 83' lang='lat' dir='ltr'>mero</span> <span class='ocrx_word' id='word_1_256' title='bbox 623 2195 789 2223; x_wconf 70' lang='lat' dir='ltr'>sumere.</span> <span class='ocrx_word' id='word_1_257' title='bbox 821 2183 927 2230; x_wconf 91' lang='lat' dir='ltr'>VII,</span> <span class='ocrx_word' id='word_1_258' title='bbox 960 2180 1011 2221; x_wconf 88' lang='lat'>15</span> <span class='ocrx_word' id='word_1_259' title='bbox 1039 2182 1107 2222; x_wconf 89' lang='lat' dir='ltr'>fin.</span> <span class='ocrx_word' id='word_1_260' title='bbox 1140 2182 1247 2222; x_wconf 81' lang='lat' dir='ltr'>circa</span> <span class='ocrx_word' id='word_1_261' title='bbox 1277 2180 1457 2235; x_wconf 74' lang='lat' dir='ltr'>sinyulas</span> <span class='ocrx_word' id='word_1_262' title='bbox 1486 2181 1679 2223; x_wconf 74' lang='lat' dir='ltr'>heminas.</span> <span class='ocrx_word' id='word_1_263' title='bbox 1723 2182 1784 2222; x_wconf 91' lang='lat' dir='ltr'>De</span> 
     </span>
     <span class='ocr_line' id='line_1_27' title="bbox 100 2247 1784 2304; baseline -0.001 -14"><span class='ocrx_word' id='word_1_264' title='bbox 100 2254 282 2302; x_wconf 81' lang='lat' dir='ltr'>tempore</span> <span class='ocrx_word' id='word_1_265' title='bbox 312 2248 478 2302; x_wconf 74' lang='lat' dir='ltr'>saepius:</span> <span class='ocrx_word' id='word_1_266' title='bbox 507 2249 570 2298; x_wconf 94' lang='lat' dir='ltr'>II,</span> <span class='ocrx_word' id='word_1_267' title='bbox 603 2250 622 2289; x_wconf 94' lang='lat'>1</span> <span class='ocrx_word' id='word_1_268' title='bbox 655 2262 696 2303; x_wconf 90' lang='lat' dir='ltr'>p.</span> <span class='ocrx_word' id='word_1_269' title='bbox 727 2250 782 2290; x_wconf 92' lang='lat'>30</span> <span class='ocrx_word' id='word_1_270' title='bbox 811 2255 914 2290; x_wconf 87' lang='lat' dir='ltr'>extr.</span> <span class='ocrx_word' id='word_1_271' title='bbox 939 2247 1126 2304; x_wconf 77' lang='lat' dir='ltr'>primum</span> <span class='ocrx_word' id='word_1_272' title='bbox 1155 2249 1263 2289; x_wconf 79' lang='lat' dir='ltr'>circa</span> <span class='ocrx_word' id='word_1_273' title='bbox 1292 2248 1649 2304; x_wconf 75' lang='lat' dir='ltr'>quadrayesimum</span> <span class='ocrx_word' id='word_1_274' title='bbox 1677 2248 1784 2289; x_wconf 80' lang='lat' dir='ltr'>diem</span> 
     </span>
     <span class='ocr_line' id='line_1_28' title="bbox 101 2312 1783 2373; baseline -0.001 -16"><span class='ocrx_word' id='word_1_275' title='bbox 101 2339 154 2346; x_wconf 86' lang='lat'>-</span> <span class='ocrx_word' id='word_1_276' title='bbox 179 2322 322 2373; x_wconf 71' lang='lat' dir='ltr'>postea</span> <span class='ocrx_word' id='word_1_277' title='bbox 357 2315 466 2358; x_wconf 77' lang='lat' dir='ltr'>circa</span> <span class='ocrx_word' id='word_1_278' title='bbox 497 2315 759 2371; x_wconf 77' lang='lat' dir='ltr'>pubertatem.</span> <span class='ocrx_word' id='word_1_279' title='bbox 803 2317 865 2365; x_wconf 90' lang='lat' dir='ltr'>II,</span> <span class='ocrx_word' id='word_1_280' title='bbox 894 2315 921 2358; x_wconf 88' lang='grc'>6</span> <span class='ocrx_word' id='word_1_281' title='bbox 949 2329 992 2370; x_wconf 91' lang='lat' dir='ltr'>p.</span> <span class='ocrx_word' id='word_1_282' title='bbox 1022 2312 1091 2365; x_wconf 82' lang='lat'>37,</span> <span class='ocrx_word' id='word_1_283' title='bbox 1119 2315 1187 2357; x_wconf 89' lang='grc'>24.</span> <span class='ocrx_word' id='word_1_284' title='bbox 1233 2315 1294 2364; x_wconf 90' lang='grc' dir='ltr'>ΙΙ,</span> <span class='ocrx_word' id='word_1_285' title='bbox 1323 2312 1349 2357; x_wconf 85' lang='grc'>7</span> <span class='ocrx_word' id='word_1_286' title='bbox 1378 2329 1418 2370; x_wconf 83' lang='grc' dir='ltr'>Ρ.</span> <span class='ocrx_word' id='word_1_287' title='bbox 1449 2317 1525 2366; x_wconf 90' lang='lat'>40,</span> <span class='ocrx_word' id='word_1_288' title='bbox 1553 2315 1594 2358; x_wconf 88' lang='lat'>8.</span> <span class='ocrx_word' id='word_1_289' title='bbox 1651 2316 1711 2356; x_wconf 95' lang='lat' dir='ltr'>Ib.</span> <span class='ocrx_word' id='word_1_290' title='bbox 1743 2329 1783 2369; x_wconf 90' lang='lat' dir='ltr'>p.</span> 
     </span>
     <span class='ocr_line' id='line_1_29' title="bbox 101 2383 941 2437; baseline 0 -13"><span class='ocrx_word' id='word_1_291' title='bbox 101 2383 177 2434; x_wconf 87' lang='lat'>43,</span> <span class='ocrx_word' id='word_1_292' title='bbox 208 2383 273 2424; x_wconf 81' lang='lat'>34.</span> <span class='ocrx_word' id='word_1_293' title='bbox 317 2383 378 2424; x_wconf 88' lang='lat' dir='ltr'>lb.</span> <span class='ocrx_word' id='word_1_294' title='bbox 408 2396 450 2437; x_wconf 90' lang='lat' dir='ltr'>p.</span> <span class='ocrx_word' id='word_1_295' title='bbox 480 2383 554 2432; x_wconf 88' lang='lat'>44,</span> <span class='ocrx_word' id='word_1_296' title='bbox 586 2384 650 2424; x_wconf 88' lang='lat'>13.</span> <span class='ocrx_word' id='word_1_297' title='bbox 695 2383 774 2433; x_wconf 88' lang='lat' dir='ltr'>IV,</span> <span class='ocrx_word' id='word_1_298' title='bbox 804 2384 858 2424; x_wconf 88' lang='lat'>32</span> <span class='ocrx_word' id='word_1_299' title='bbox 886 2383 941 2424; x_wconf 92' lang='lat' dir='ltr'>in.</span> 
     </span>
    </p>

    <p class='ocr_par' dir='ltr' id='par_1_9' title="bbox 97 2448 1787 2965">
     <span class='ocr_line' id='line_1_30' title="bbox 214 2448 1784 2504; baseline -0.001 -12"><span class='ocrx_word' id='word_1_300' title='bbox 214 2448 358 2492; x_wconf 79' lang='lat' dir='ltr'>Citra</span> <span class='ocrx_word' id='word_1_301' title='bbox 395 2464 420 2492; x_wconf 80' lang='lat' dir='ltr'><strong>a</strong></span> <span class='ocrx_word' id='word_1_302' title='bbox 450 2451 569 2493; x_wconf 83' lang='lat' dir='ltr'>celso</span> <span class='ocrx_word' id='word_1_303' title='bbox 601 2463 798 2504; x_wconf 87' lang='lat' dir='ltr'>nusquam</span> <span class='ocrx_word' id='word_1_304' title='bbox 826 2451 876 2491; x_wconf 85' lang='lat' dir='ltr'>de</span> <span class='ocrx_word' id='word_1_305' title='bbox 906 2450 991 2492; x_wconf 83' lang='lat' dir='ltr'>loco</span> <span class='ocrx_word' id='word_1_306' title='bbox 1020 2455 1267 2504; x_wconf 82' lang='lat' dir='ltr'>usurpatur,</span> <span class='ocrx_word' id='word_1_307' title='bbox 1297 2450 1370 2491; x_wconf 87' lang='lat' dir='ltr'>sed</span> <span class='ocrx_word' id='word_1_308' title='bbox 1399 2449 1599 2491; x_wconf 77' lang='lat' dir='ltr'>translata</span> <span class='ocrx_word' id='word_1_309' title='bbox 1628 2449 1784 2503; x_wconf 82' lang='lat' dir='ltr'>signifi-</span> 
     </span>
     <span class='ocr_line' id='line_1_31' title="bbox 106 2517 1785 2572; baseline -0.002 -12"><span class='ocrx_word' id='word_1_310' title='bbox 106 2518 266 2560; x_wconf 82' lang='lat' dir='ltr'>catione</span> <span class='ocrx_word' id='word_1_311' title='bbox 295 2518 320 2558; x_wconf 92' lang='lat' dir='ltr'>i.</span> <span class='ocrx_word' id='word_1_312' title='bbox 350 2531 383 2558; x_wconf 78' lang='lat' dir='ltr'>e.</span> <span class='ocrx_word' id='word_1_313' title='bbox 413 2531 450 2572; x_wconf 90' lang='lat' dir='ltr'>q.</span> <span class='ocrx_word' id='word_1_314' title='bbox 487 2517 592 2567; x_wconf 72' lang='lat' dir='ltr'>sine,</span> <span class='ocrx_word' id='word_1_315' title='bbox 626 2531 706 2558; x_wconf 79' lang='lat' dir='ltr'>uon</span> <span class='ocrx_word' id='word_1_316' title='bbox 735 2531 826 2559; x_wconf 84' lang='lat' dir='ltr'>cum</span> <span class='ocrx_word' id='word_1_317' title='bbox 855 2531 893 2558; x_wconf 89' lang='lat' dir='ltr'>v.</span> <span class='ocrx_word' id='word_1_318' title='bbox 924 2524 952 2559; x_wconf 92' lang='lat' dir='ltr'>t.</span> <span class='ocrx_word' id='word_1_319' title='bbox 983 2531 1021 2572; x_wconf 90' lang='lat' dir='ltr'>q.</span> <span class='ocrx_word' id='word_1_320' title='bbox 1078 2518 1144 2558; x_wconf 82' lang='lat' dir='ltr'>Ita</span> <span class='ocrx_word' id='word_1_321' title='bbox 1180 2530 1291 2571; x_wconf 89' lang='lat' dir='ltr'>saepe</span> <span class='ocrx_word' id='word_1_322' title='bbox 1320 2517 1596 2564; x_wconf 78' lang='lat' dir='ltr'>Quintilianus</span> <span class='ocrx_word' id='word_1_323' title='bbox 1625 2522 1667 2557; x_wconf 90' lang='lat' dir='ltr'>et</span> <span class='ocrx_word' id='word_1_324' title='bbox 1695 2529 1785 2557; x_wconf 80' lang='lat' dir='ltr'>ma-</span> 
     </span>
     <span class='ocr_line' id='line_1_32' title="bbox 97 2583 1783 2642; baseline -0.001 -15"><span class='ocrx_word' id='word_1_325' title='bbox 97 2586 164 2640; x_wconf 81' lang='lat' dir='ltr'>J‘or</span> <span class='ocrx_word' id='word_1_326' title='bbox 191 2584 416 2641; x_wconf 49' lang='lat' dir='ltr'>Plinium).</span> <span class='ocrx_word' id='word_1_327' title='bbox 460 2586 503 2635; x_wconf 95' lang='lat'>1,</span> <span class='ocrx_word' id='word_1_328' title='bbox 530 2586 558 2626; x_wconf 88' lang='lat'>2</span> <span class='ocrx_word' id='word_1_329' title='bbox 586 2597 627 2638; x_wconf 93' lang='lat' dir='ltr'>p.</span> <span class='ocrx_word' id='word_1_330' title='bbox 664 2585 733 2634; x_wconf 84' lang='lat'>15,</span> <span class='ocrx_word' id='word_1_331' title='bbox 762 2585 789 2626; x_wconf 86' lang='lat'>5</span> <span class='ocrx_word' id='word_1_332' title='bbox 825 2584 1042 2633; x_wconf 75' lang='lat' dir='ltr'>lassitudo,</span> <span class='ocrx_word' id='word_1_333' title='bbox 1076 2598 1165 2640; x_wconf 81' lang='lat' dir='ltr'>quoe</span> <span class='ocrx_word' id='word_1_334' title='bbox 1193 2583 1296 2625; x_wconf 76' lang='lat' dir='ltr'>citra</span> <span class='ocrx_word' id='word_1_335' title='bbox 1315 2583 1605 2642; x_wconf 74' lang='lat' dir='ltr'>fatiqationem</span> <span class='ocrx_word' id='word_1_336' title='bbox 1634 2583 1699 2625; x_wconf 76' lang='lat' dir='ltr'>sit.</span> <span class='ocrx_word' id='word_1_337' title='bbox 1742 2585 1783 2634; x_wconf 89' lang='grc' dir='ltr'>Ι,</span> 
     </span>
     <span class='ocr_line' id='line_1_33' title="bbox 103 2649 1785 2709; baseline -0.002 -14"><span class='ocrx_word' id='word_1_338' title='bbox 103 2653 130 2696; x_wconf 90' lang='lat'><strong>6</strong></span> <span class='ocrx_word' id='word_1_339' title='bbox 158 2653 212 2694; x_wconf 85' lang='lat' dir='ltr'>in.</span> <span class='ocrx_word' id='word_1_340' title='bbox 241 2652 343 2709; x_wconf 65' lang='grc' dir='ltr'>κηρὶ</span> <span class='ocrx_word' id='word_1_341' title='bbox 370 2653 474 2694; x_wconf 79' lang='lat' dir='ltr'>citra</span> <span class='ocrx_word' id='word_1_342' title='bbox 502 2651 700 2694; x_wconf 70' lang='lat' dir='ltr'>sudorem.</span> <span class='ocrx_word' id='word_1_343' title='bbox 739 2653 817 2702; x_wconf 92' lang='lat' dir='ltr'>IV,</span> <span class='ocrx_word' id='word_1_344' title='bbox 851 2654 902 2693; x_wconf 87' lang='grc'>12</span> <span class='ocrx_word' id='word_1_345' title='bbox 931 2665 971 2706; x_wconf 90' lang='lat' dir='ltr'>p.</span> <span class='ocrx_word' id='word_1_346' title='bbox 1005 2651 1104 2702; x_wconf 91' lang='lat'>136,</span> <span class='ocrx_word' id='word_1_347' title='bbox 1134 2652 1188 2692; x_wconf 87' lang='lat'>23</span> <span class='ocrx_word' id='word_1_348' title='bbox 1218 2650 1436 2694; x_wconf 75' lang='lat' dir='ltr'>adhibendi</span> <span class='ocrx_word' id='word_1_349' title='bbox 1463 2650 1568 2693; x_wconf 83' lang='lat' dir='ltr'>lenes</span> <span class='ocrx_word' id='word_1_350' title='bbox 1596 2657 1632 2692; x_wconf 79' lang='lat' dir='ltr'>et</span> <span class='ocrx_word' id='word_1_351' title='bbox 1659 2649 1785 2707; x_wconf 74' lang='lat' dir='ltr'>yluti-</span> 
     </span>
     <span class='ocr_line' id='line_1_34' title="bbox 104 2716 1787 2774; baseline -0.002 -12"><span class='ocrx_word' id='word_1_352' title='bbox 104 2721 193 2763; x_wconf 74' lang='lat' dir='ltr'>nosi</span> <span class='ocrx_word' id='word_1_353' title='bbox 227 2719 324 2770; x_wconf 73' lang='lat' dir='ltr'>cibi,</span> <span class='ocrx_word' id='word_1_354' title='bbox 374 2719 446 2762; x_wconf 74' lang='lat' dir='ltr'>sed</span> <span class='ocrx_word' id='word_1_355' title='bbox 487 2719 590 2762; x_wconf 74' lang='lat' dir='ltr'>citra</span> <span class='ocrx_word' id='word_1_356' title='bbox 631 2719 862 2762; x_wconf 77' lang='lat' dir='ltr'>satietatem.</span> <span class='ocrx_word' id='word_1_357' title='bbox 907 2719 984 2769; x_wconf 93' lang='lat' dir='ltr'>IV,</span> <span class='ocrx_word' id='word_1_358' title='bbox 1014 2719 1070 2760; x_wconf 87' lang='grc'>30</span> <span class='ocrx_word' id='word_1_359' title='bbox 1098 2720 1165 2760; x_wconf 85' lang='lat' dir='ltr'>fin.</span> <span class='ocrx_word' id='word_1_360' title='bbox 1223 2716 1371 2761; x_wconf 76' lang='lat' dir='ltr'>Omnes</span> <span class='ocrx_word' id='word_1_361' title='bbox 1413 2725 1545 2760; x_wconf 80' lang='lat' dir='ltr'>autem</span> <span class='ocrx_word' id='word_1_362' title='bbox 1587 2717 1787 2774; x_wconf 71' lang='lat' dir='ltr'>ejusmodi</span> 
     </span>
     <span class='ocr_line' id='line_1_35' title="bbox 102 2784 1783 2844; baseline -0.002 -14"><span class='ocrx_word' id='word_1_363' title='bbox 102 2786 278 2838; x_wconf 68' lang='lat' dir='ltr'>dolores,</span> <span class='ocrx_word' id='word_1_364' title='bbox 306 2786 378 2828; x_wconf 79' lang='lat' dir='ltr'>ubi</span> <span class='ocrx_word' id='word_1_365' title='bbox 404 2787 742 2836; x_wconf 77' lang='lat' dir='ltr'>inveteraverunt,</span> <span class='ocrx_word' id='word_1_366' title='bbox 771 2787 842 2828; x_wconf 73' lang='lat' dir='ltr'>vix</span> <span class='ocrx_word' id='word_1_367' title='bbox 869 2787 971 2829; x_wconf 75' lang='lat' dir='ltr'>citra</span> <span class='ocrx_word' id='word_1_368' title='bbox 998 2786 1195 2828; x_wconf 72' lang='lat' dir='ltr'>ustionem</span> <span class='ocrx_word' id='word_1_369' title='bbox 1212 2785 1435 2844; x_wconf 77' lang='lat' dir='ltr'>finiuntur.</span> <span class='ocrx_word' id='word_1_370' title='bbox 1463 2786 1520 2841; x_wconf 91' lang='lat' dir='ltr'>V,</span> <span class='ocrx_word' id='word_1_371' title='bbox 1550 2784 1626 2835; x_wconf 87' lang='lat'>28,</span> <span class='ocrx_word' id='word_1_372' title='bbox 1647 2785 1700 2827; x_wconf 90' lang='lat'>14</span> <span class='ocrx_word' id='word_1_373' title='bbox 1728 2784 1783 2826; x_wconf 89' lang='lat' dir='ltr'>in.</span> 
     </span>
     <span class='ocr_line' id='line_1_36' title="bbox 103 2851 1785 2912; baseline -0.002 -14"><span class='ocrx_word' id='word_1_374' title='bbox 103 2855 206 2898; x_wconf 74' lang='lat' dir='ltr'>citra</span> <span class='ocrx_word' id='word_1_375' title='bbox 248 2854 572 2911; x_wconf 70' lang='lat' dir='ltr'>maynuudinem</span> <span class='ocrx_word' id='word_1_376' title='bbox 604 2853 721 2912; x_wconf 85' lang='lat' dir='ltr'><strong><em>fabae</em></strong></span> <span class='ocrx_word' id='word_1_377' title='bbox 758 2854 950 2911; x_wconf 74' lang='lat' dir='ltr'>oeyyptioe.</span> <span class='ocrx_word' id='word_1_378' title='bbox 996 2854 1078 2903; x_wconf 91' lang='lat' dir='ltr'>VI,</span> <span class='ocrx_word' id='word_1_379' title='bbox 1119 2853 1192 2904; x_wconf 88' lang='lat'>18,</span> <span class='ocrx_word' id='word_1_380' title='bbox 1230 2854 1257 2894; x_wconf 90' lang='lat'>3</span> <span class='ocrx_word' id='word_1_381' title='bbox 1293 2853 1348 2895; x_wconf 91' lang='lat' dir='ltr'>in.</span> <span class='ocrx_word' id='word_1_382' title='bbox 1412 2851 1516 2896; x_wconf 82' lang='lat' dir='ltr'>Haeo</span> <span class='ocrx_word' id='word_1_383' title='bbox 1550 2851 1651 2894; x_wconf 81' lang='lat' dir='ltr'>citra</span> <span class='ocrx_word' id='word_1_384' title='bbox 1685 2866 1785 2895; x_wconf 78' lang='lat' dir='ltr'>can-</span> 
     </span>
     <span class='ocr_line' id='line_1_37' title="bbox 107 2928 359 2965; baseline -0.004 0"><span class='ocrx_word' id='word_1_385' title='bbox 107 2935 222 2965; x_wconf 76' lang='lat' dir='ltr'>crum</span> <span class='ocrx_word' id='word_1_386' title='bbox 253 2928 359 2964; x_wconf 72' lang='lat' dir='ltr'>sunt.</span> 
     </span>
    </p>
   </div>
   <div class='ocr_carea' id='block_1_6' title="bbox 110 3007 376 3015">
    <p class='ocr_par' dir='ltr' id='par_1_10' title="bbox 110 3007 376 3015">
     <span class='ocr_line' id='line_1_38' title="bbox 110 3007 376 3015; baseline 0 0"><span class='ocrx_word' id='word_1_387' title='bbox 110 3007 376 3015; x_wconf 95' lang='lat' dir='ltr'> </span> 
     </span>
    </p>
   </div>
   <div class='ocr_carea' id='block_1_7' title="bbox 163 3030 1718 3255">
    <p class='ocr_par' dir='ltr' id='par_1_11' title="bbox 172 3030 814 3081">
     <span class='ocr_line' id='line_1_39' title="bbox 172 3030 814 3081; baseline -0.003 -10"><span class='ocrx_word' id='word_1_388' title='bbox 172 3030 200 3081; x_wconf 82' lang='grc' dir='ltr'>ι)</span> <span class='ocrx_word' id='word_1_389' title='bbox 229 3033 292 3071; x_wconf 80' lang='lat' dir='ltr'>cfi-</span> <span class='ocrx_word' id='word_1_390' title='bbox 322 3033 445 3070; x_wconf 79' lang='lat' dir='ltr'>Hand.</span> <span class='ocrx_word' id='word_1_391' title='bbox 477 3045 506 3070; x_wconf 84' lang='lat' dir='ltr'>s.</span> <span class='ocrx_word' id='word_1_392' title='bbox 538 3046 574 3070; x_wconf 87' lang='lat' dir='ltr'>v.</span> <span class='ocrx_word' id='word_1_393' title='bbox 605 3044 695 3081; x_wconf 77' lang='lat' dir='ltr'>pag.</span> <span class='ocrx_word' id='word_1_394' title='bbox 720 3033 814 3069; x_wconf 88' lang='grc'><strong>509.</strong></span> 
     </span>
    </p>

    <p class='ocr_par' dir='ltr' id='par_1_12' title="bbox 163 3086 1718 3197">
     <span class='ocr_line' id='line_1_40' title="bbox 163 3086 1718 3140; baseline -0.001 -13"><span class='ocrx_word' id='word_1_395' title='bbox 163 3088 198 3138; x_wconf 78' lang='lat'>²)</span> <span class='ocrx_word' id='word_1_396' title='bbox 227 3091 479 3140; x_wconf 60' lang='lat' dir='ltr'>Nfigelsbach.</span> <span class='ocrx_word' id='word_1_397' title='bbox 512 3091 538 3127; x_wconf 97' lang='lat' dir='ltr'>l.</span> <span class='ocrx_word' id='word_1_398' title='bbox 569 3091 595 3128; x_wconf 93' lang='lat' dir='ltr'>l.</span> <span class='ocrx_word' id='word_1_399' title='bbox 627 3103 715 3138; x_wconf 83' lang='lat' dir='ltr'>pag.</span> <span class='ocrx_word' id='word_1_400' title='bbox 740 3091 835 3127; x_wconf 88' lang='lat'>349.</span> <span class='ocrx_word' id='word_1_401' title='bbox 901 3092 1057 3140; x_wconf 85' lang='lat' dir='ltr'>Berger,</span> <span class='ocrx_word' id='word_1_402' title='bbox 1092 3088 1353 3128; x_wconf 76' lang='lat' dir='ltr'>”Lateinische</span> <span class='ocrx_word' id='word_1_403' title='bbox 1382 3086 1573 3126; x_wconf 76' lang='lat' dir='ltr'>Stilistik”</span> <span class='ocrx_word' id='word_1_404' title='bbox 1605 3086 1626 3134; x_wconf 67' lang='grc' dir='ltr'>ἐ</span> <span class='ocrx_word' id='word_1_405' title='bbox 1651 3088 1718 3126; x_wconf 84' lang='grc'>57.</span> 
     </span>
     <span class='ocr_line' id='line_1_41' title="bbox 168 3145 828 3197; baseline -0.002 -11"><span class='ocrx_word' id='word_1_406' title='bbox 168 3145 201 3196; x_wconf 74' lang='lat'>³)</span> <span class='ocrx_word' id='word_1_407' title='bbox 229 3149 352 3186; x_wconf 73' lang='lat' dir='ltr'>Hand.</span> <span class='ocrx_word' id='word_1_408' title='bbox 385 3161 413 3186; x_wconf 81' lang='lat' dir='ltr'>s.</span> <span class='ocrx_word' id='word_1_409' title='bbox 445 3162 482 3186; x_wconf 85' lang='lat' dir='ltr'>v.</span> <span class='ocrx_word' id='word_1_410' title='bbox 513 3160 628 3197; x_wconf 84' lang='lat' dir='ltr'>pagg.</span> <span class='ocrx_word' id='word_1_411' title='bbox 652 3149 728 3193; x_wconf 83' lang='lat'>64,</span> <span class='ocrx_word' id='word_1_412' title='bbox 761 3149 828 3185; x_wconf 84' lang='lat'>65.</span> 
     </span>
    </p>

    <p class='ocr_par' dir='ltr' id='par_1_13' title="bbox 166 3204 693 3255">
     <span class='ocr_line' id='line_1_42' title="bbox 166 3204 693 3255; baseline 0.002 -12"><span class='ocrx_word' id='word_1_413' title='bbox 166 3204 199 3254; x_wconf 76' lang='lat'>4)</span> <span class='ocrx_word' id='word_1_414' title='bbox 229 3207 353 3244; x_wconf 78' lang='lat' dir='ltr'>Hand.</span> <span class='ocrx_word' id='word_1_415' title='bbox 383 3219 412 3244; x_wconf 81' lang='lat' dir='ltr'>e.</span> <span class='ocrx_word' id='word_1_416' title='bbox 445 3220 481 3245; x_wconf 82' lang='lat' dir='ltr'>v.</span> <span class='ocrx_word' id='word_1_417' title='bbox 512 3218 601 3255; x_wconf 84' lang='lat' dir='ltr'>pag.</span> <span class='ocrx_word' id='word_1_418' title='bbox 627 3207 693 3244; x_wconf 88' lang='grc'>83.</span> 
     </span>
    </p>
   </div>
  </div>
 </body>
</html>
