2106 3658
364 356 385 390 4
393 355 414 390 2
1047 349 1084 386 C.
1107 350 1150 385 A.
1172 349 1317 385 Broldn.

363 464 563 508 oculorum
591 468 769 518 apparet.
803 462 864 510 ΙΙ,
892 461 919 504 6
947 475 987 514 p.
1016 461 1070 503 36
1097 462 1164 502 fin.
1218 460 1392 504 Dolores
1426 462 1545 503 etiam
1576 462 1683 503 circa
1716 476 1836 504 coa-as
1867 469 1904 504 et
1938 463 2002 504 in-

352 531 526 587 feriores
548 536 685 584 partes
712 527 800 574 orti,
828 528 863 567 si
890 527 944 567 ad
973 527 1122 568 viscera
1149 526 1392 568 transierunt
1418 526 1622 582 subitoque
1648 527 1869 577 desierunt,
1895 541 2004 569 mor-

363 604 438 638 tem
466 595 618 637 subesse
645 599 853 641 testantur,
889 593 1092 647 mayisque
1118 593 1155 632 si
1181 591 1264 633 alia
1291 606 1444 648 quoque
1470 594 1586 648 siqua
1612 600 1867 636 accesserunt.

471 659 713 707 Subinde,
764 671 881 711 quam
925 658 1161 711 particulam
1204 658 1341 699 Livius
1384 659 1536 712 primus
1580 660 1732 701 videtur
1774 672 2005 713 usurpasse,

364 728 470 781 apud
500 726 658 767 Celsum
689 724 804 764 valde
834 724 1018 777 frequens
1047 731 1119 765 est.

477 792 740 845 Tamquam
769 802 844 830 non
875 790 1162 843 comparationi
1190 790 1374 841 inservit,
1403 791 1472 831 sed
1501 791 1652 832 causali
1680 791 1720 833 vi
1749 793 1907 845 ponitur
1935 806 2004 846 pro

364 857 558 911 particula
591 862 632 896 ut
674 856 735 904 11,
777 857 826 895 14
861 856 915 896 in.
985 854 1053 897 De
1087 856 1274 909 frictione
1305 871 1396 899 vero
1433 857 1532 898 adeo
1567 856 1694 899 multa
1730 857 2007 915 Asclepiades,

363 930 564 977 tamquam
600 922 778 963 inventor
811 921 917 978 ejus,
945 921 1083 976 posuit
1109 922 1152 962 in
1181 935 1223 964 eo
1252 922 1445 964 volumine
1481 929 1556 964 cet.
1612 924 1667 963 Et
1694 936 1826 966 causae
1855 925 2006 978 signifi-

363 989 559 1030 cationem
593 988 640 1028 iis
677 1000 828 1040 quoque
863 988 959 1028 locis
998 988 1147 1029 habent
1181 994 1223 1029 et
1249 995 1454 1045 tamquam
1487 995 1528 1030 et
1554 988 1641 1030 aliae
1670 990 1872 1042 particulas
1900 1003 2008 1031 com·

363 1055 575 1107 parativae,
611 1054 678 1094 ubi
713 1067 782 1105 per
815 1054 888 1094 has
925 1059 1047 1107 partt.
1077 1054 1276 1096 inducitur
1303 1055 1366 1104 id,
1403 1055 1507 1109 quod
1536 1055 1637 1096 alius
1666 1055 1754 1108 quis
1791 1057 1855 1097 vel
1883 1056 2009 1097 sentit

364 1120 424 1160 vel
459 1120 567 1160 dicit.
623 1120 688 1160 Ita
716 1120 738 1160 Ι
767 1133 938 1172 prooem.
976 1133 1015 1173 p.
1044 1122 1090 1169 2,
1119 1120 1172 1160 25
1207 1135 1343 1162 rerum
1380 1134 1532 1176 quoque
1567 1126 1722 1162 naturas
1749 1121 2008 1176 coqnitionem

362 1186 437 1226 sibi
479 1185 754 1234 vindicarunt,
796 1191 1001 1241 tamquam
1042 1187 1126 1227 sine
1169 1200 1215 1228 ea
1256 1193 1398 1228 trunca
1433 1194 1468 1228 et
1500 1185 1642 1228 debilis
1674 1187 1872 1228 medicina
1899 1193 2008 1229 esset.

363 1253 443 1300 ΙΙΙ,
471 1252 498 1292 4
531 1265 568 1304 p.
597 1251 672 1300 80,
703 1251 755 1291 25
798 1265 936 1306 eosque
965 1253 1106 1305 (dies),
1148 1258 1354 1307 tamquam
1390 1260 1481 1294 tunc
1517 1253 1565 1294 de
1601 1253 1718 1307 αρν-ἑκ
1736 1252 2009 1308 judicaretur,

363 1319 576 1372 κρισίμους
609 1316 876 1358 nominabant.
919 1319 1002 1368 ΙΙΙ,
1034 1319 1085 1359 18
1121 1332 1157 1371 p.
1187 1318 1240 1360 99
1275 1319 1329 1360 in.
1394 1318 1449 1360 At
1487 1317 1760 1373 Asclepiades,
1803 1326 2008 1374 tamquam

362 1384 530 1425 tenebris
557 1383 658 1439 ipsis
686 1383 939 1433 terrentibus,
976 1385 1020 1425 in
1048 1383 1193 1425 lumine
1221 1384 1419 1427 habendos
1447 1399 1511 1427 eos
1537 1385 1653 1426 diaeit.
1709 1386 1862 1426 Eodem
1891 1386 2009 1426 modo

363 1456 581 1503 usurpatur
608 1449 755 1504 quasi
782 1451 868 1499 ΙΙΙ,
896 1450 924 1490 4
951 1464 989 1503 p.
1018 1450 1092 1499 80,
1122 1451 1175 1490 33
1203 1451 1346 1492 deinde
1370 1458 1505 1506 postea
1533 1450 1680 1499 cibum,
1709 1451 1825 1506 quasi
1851 1450 2011 1492 leviori-

362 1516 435 1557 bus
459 1514 742 1558 accessionibus
764 1515 1021 1566 instantibus,
1041 1516 1195 1558 darent.
1242 1518 1303 1558 Ib.
1333 1531 1371 1570 p.
1391 1518 1441 1558 81
1465 1518 1518 1558 in.
1541 1517 1623 1571 ipsi
1640 1516 1719 1558 sibi
1735 1516 2012 1572 repuynabant

362 1596 442 1624 non
476 1589 653 1624 octavum
688 1595 812 1636 neque
848 1582 1042 1623 decimum
1083 1596 1205 1637 neque
1243 1583 1519 1625 duodecimum
1547 1583 1654 1624 diem
1681 1583 1868 1624 sumendo
1895 1583 2013 1638 quasi

360 1649 632 1704 potentiorem.
696 1645 838 1689 Velut
875 1649 928 1698 V,
962 1645 1023 1697 17,
1054 1650 1072 1688 1
1119 1647 1258 1703 Itaque
1299 1656 1497 1691 contentus
1537 1649 1588 1689 iis
1632 1647 2012 1704 (compositionibus)

364 1728 448 1763 ero,
491 1728 592 1770 quas
627 1713 759 1768 accepi
794 1713 896 1755 velut
930 1713 1207 1756 nobilissimas.
1264 1715 1340 1756 Hic
1378 1729 1490 1764 usus,
1536 1715 1604 1768 qui
1638 1715 1688 1756 ad
1716 1715 2011 1756 similitudinem

364 1794 498 1833 graecae
527 1786 631 1833 part.
661 1776 716 1828 ὥς
735 1781 912 1832 proxime
942 1781 1114 1830 accedit,
1143 1781 1250 1834 apud
1270 1781 1453 1822 Tacitum
1475 1781 1646 1822 maxime
1664 1781 1876 1830 invenitur,
1904 1780 2014 1821 velut

364 1847 514 1887 Annal.
549 1847 616 1895 12,
645 1846 700 1888 39
736 1844 918 1888 Ostorius
946 1847 1132 1888 concessit
1158 1848 1259 1895 vita,
1292 1846 1390 1888 loetis
1418 1846 1610 1895 hostibus,
1644 1853 1848 1902 tamquam
1874 1847 2013 1888 ducem

365 1912 474 1953 haud
502 1911 788 1968 spernendum,
817 1911 890 1954 etsi
917 1927 995 1954 non
1018 1911 1238 1968 proelium,
1266 1919 1308 1953 at
1334 1920 1435 1955 certe
1461 1912 1603 1954 bellum
1621 1912 1911 1968 absumpsisset.
1945 1912 2014 1960 14,

365 1977 418 2020 65
455 1977 746 2034 Doryphorum
773 1978 890 2033 quasi
921 1979 1174 2020 adversatum
1201 1978 1352 2034 nuptiis
1379 1978 1584 2034 Poppoeae,
1617 1977 1864 2028 Pallantem,
1906 1978 2014 2033 quod

364 2045 598 2086 immensam
627 2044 841 2099 pecuniam
873 2043 992 2099 lonya
1026 2051 1175 2086 senecta
1203 2044 1410 2095 detineret,
1446 2058 1589 2086 veneno
1616 2044 1856 2099 interfecisse
1883 2043 2014 2085 credi-

365 2117 428 2151 tus
456 2116 524 2151 est.
579 2110 702 2163 Apud
738 2110 911 2151 Plinium
948 2111 1136 2151 minorem
1178 2111 1238 2152 ita.
1274 2117 1487 2165 usurpatur
1520 2117 1626 2165 part.
1663 2117 1878 2166 tamquam.
1944 2109 2014 2152 cfr

366 2190 452 2230 quae
481 2176 522 2217 in
550 2176 756 2229 Philologo
784 2177 935 2218 XXIV
963 2190 1051 2229 pag.
1085 2176 1163 2217 115
1189 2190 1277 2231 sqq.
1313 2178 1363 2218 de
1392 2177 1453 2218 his
1481 2177 1688 2231 particulis
1716 2176 1938 2230 disputavit
1963 2176 2012 2218 Ε.

365 2243 621 2284 Wclfflinius.
677 2243 872 2295 Exempla
901 2244 1068 2284 Tacitea
1097 2243 1254 2296 collegit
1283 2243 1503 2299 Draeger1).

482 2307 542 2349 Ut
569 2308 799 2349 insolentius
828 2309 998 2361 positum
1029 2315 1090 2350 est
1116 2309 1171 2356 V,
1191 2309 1265 2359 28,
1294 2311 1311 2350 1
1343 2310 1409 2351 fin.
1438 2315 1620 2364 certaque
1645 2323 1726 2351 esse
1743 2308 1904 2367 fiducia
1919 2313 2016 2363 pot-

367 2380 423 2416 est
448 2374 554 2428 fere,
583 2380 626 2414 ut
652 2374 829 2430 undique
857 2374 996 2416 vitiosa
1019 2388 1112 2416 caro
1131 2375 1298 2417 emt-idat.
1341 2377 1406 2417 Ita
1424 2376 1602 2417 scribunt
1621 2376 1776 2428 Targa,
1804 2374 2014 2423 Daremb„

367 2442 479 2482 codd.
507 2441 655 2490 secuti3
685 2448 790 2482 recte
819 2447 949 2483 tamen
980 2447 1075 2494 puto
1103 2441 1206 2483 Ritt.
1235 2454 1305 2495 pro
1332 2441 1416 2491 fere
1445 2442 1624 2495 posuisse
1641 2439 1750 2496 fore.

483 2505 662 2562 Utique
699 2508 806 2559 apud
834 2514 984 2549 veteres
1014 2507 1224 2561 scriptores
1253 2520 1342 2548 raro
1371 2508 1462 2561 poni
1491 2508 1530 2548 in
1560 2507 1754 2559 negativis
1783 2504 2015 2555 sententiis,

368 2572 410 2613 in
439 2572 573 2614 lexicis
602 2578 830 2614 annotatur.
891 2573 1012 2626 Apud
1043 2573 1200 2615 Celsum
1240 2573 1299 2614 ita
1325 2574 1496 2626 positum
1525 2578 1588 2614 est
1621 2574 1664 2622 Ι,
1691 2573 1720 2614 8
1753 2570 1902 2627 Neque
1929 2583 2016 2612 cre-

368 2638 543 2679 dendum
570 2639 706 2694 utique
733 2638 878 2680 nostris
907 2645 972 2681 est.
1016 2640 1102 2689 111,
1132 2640 1152 2680 1
1184 2639 1238 2680 in.
1274 2640 1359 2689 III,
1387 2637 1427 2688 ¹7,
1455 2640 1481 2679 2
1509 2652 1548 2692 p.
1577 2638 1652 2688 89,
1681 2638 1746 2680 26.
1779 2638 1865 2687 111,
1897 2635 1948 2677 18
1975 2649 2014 2690 p.

373 2704 462 2753 101,
490 2704 529 2745 8.
565 2705 666 2752 VII,
694 2702 735 2752 7,
763 2705 789 2745 3
818 2705 872 2746 in.
911 2706 1038 2754 VIII,
1066 2706 1094 2746 4
1122 2719 1160 2759 p.
1189 2705 1288 2753 334,
1315 2705 1354 2746 4.

480 2771 541 2810 De
584 2771 840 2812 collocatione
887 2772 1159 2812 adverbiorum
1202 2777 1244 2812 et
1279 2771 1596 2824 conjunctionum
1631 2769 1901 2812 annotandum
1932 2774 2016 2817 est,

371 2837 477 2889 apud
515 2836 676 2878 Celsum
715 2842 816 2889 part.
845 2836 970 2891 iqitur
1012 2838 1134 2879 multo
1170 2837 1312 2890 saepius
1347 2837 1459 2878 initio
1498 2837 1704 2878 sententiae
1740 2835 1854 2889 poni,
1897 2846 2014 2888 quam

371 2908 463 2954 post
498 2915 619 2943 unum
659 2903 723 2943 vel
758 2903 835 2943 duo
872 2904 992 2944 verba
1026 2899 1294 2959 praemissa2).
1351 2903 1501 2945 Contra
1528 2909 1631 2958 part.
1659 2902 1792 2958 itaque
1819 2900 2016 2942 nonnullis

437 3051 463 3098 ¹)
495 3054 638 3091 '’Ueber
667 3055 808 3101 Syntax
839 3057 913 3092 und
943 3056 1013 3093 Stil
1042 3057 1104 3093 des
1131 3056 1307 3093 Tacitus''
1337 3068 1424 3104 pag.
1449 3057 1514 3093 59.

432 3106 463 3155 ²)
492 3110 552 3147 cfr
580 3112 701 3148 Hand.
733 3125 761 3149 s.
792 3126 827 3150 v.
859 3125 945 3161 pag.
973 3114 1065 3150 197.
1115 3113 1306 3160 Spalding.
1339 3114 1387 3150 ad
1416 3113 1542 3158 Quint.
1577 3112 1613 3156 l,
1646 3112 1691 3155 5,
1724 3110 1789 3147 39.
