2106 3658
613 380 666 416 De
695 381 903 418 elocutione
931 381 977 418 A.
1007 380 1169 419 Cornelii
1198 381 1306 419 Celsi.
1747 383 1796 418 41

122 495 141 534 I
171 506 344 547 prooem.
375 507 413 547 p.
443 490 490 542 ⁷,
522 494 592 545 183
635 495 721 545 111,
749 498 778 537 2
812 510 852 550 p.
880 493 952 547 76,
982 495 1059 545 293
1102 496 1210 544 VII,
1239 494 1295 537 29
1332 509 1373 550 p.
1402 492 1499 544 317,
1532 495 1606 545 153
1648 497 1803 537 duobus

121 561 219 602 locis
248 567 403 616 utpote:
431 561 450 601 I
482 574 654 615 prooem.
685 563 760 612 in.,
799 564 885 612 111,
918 564 936 604 l
969 575 1010 617 p.
1039 560 1116 613 74,
1145 564 1212 604 21.
1276 561 1419 620 Utpote
1447 574 1526 603 uno
1557 564 1643 604 loco
1673 564 1802 617 parti-

120 628 224 682 cipio
254 628 487 681 adjunctum
517 642 626 678 esse,
655 643 778 683 supra
807 631 1129 671 commemoravi.

230 693 337 746 Quo
380 695 420 735 vi
457 697 610 737 causali
646 697 806 738 videtur
842 710 919 738 non
959 698 1086 739 solum
1125 710 1213 738 cum
1245 697 1454 750 negatione
1484 698 1686 751 usurpari,
1729 698 1801 739 sed

118 762 238 804 etiam
267 763 309 803 in
339 763 587 804 affirmativa
615 765 840 812 sententia,
879 778 996 818 quem
1025 777 1138 806 usum
1169 777 1366 818 nusquam
1396 765 1477 805 vidi
1507 760 1801 806 commemora-

118 836 215 872 tum.
272 829 472 882 Exempla
513 843 638 884 supra
673 832 753 872 vid.
788 831 828 873 in
867 832 937 881 iis,
980 845 1068 886 quae
1107 831 1156 872 de
1194 833 1399 872 modorum
1438 844 1511 872 usu
1546 831 1589 872 in
1629 833 1801 873 formula

117 910 206 952 quae
248 903 314 938 est
349 911 429 938 non
466 898 574 953 quod
602 921 658 928 -
693 898 766 940 sed
793 899 891 954 quia
927 899 1131 940 annotavi.
1195 899 1252 940 Et
1289 905 1425 940 tamen
1466 898 1650 940 dubitare
1686 899 1800 949 licet,

121 978 174 1006 an
217 977 290 1018 pro
331 978 411 1020 quo
444 965 595 1006 talibus
632 965 729 1007 locis
767 966 1024 1007 scribendum
1053 965 1263 1021 sit-quod,
1307 978 1427 1019 quum
1457 971 1500 1006 et
1529 966 1690 1007 diversa
1719 968 1799 1008 fere

117 1032 291 1074 editores
314 1032 553 1081 exhibeant,
582 1039 624 1074 et
643 1033 824 1074 codicum
844 1033 1044 1087 scriptura
1064 1034 1104 1074 in
1126 1033 1200 1074 tali
1221 1047 1263 1074 re
1284 1034 1498 1074 admodum
1518 1033 1673 1074 incerta
1688 1033 1798 1089 εἰεί).

229 1097 388 1151 Quum
416 1099 626 1141 interim
653 1114 732 1142 uno
763 1101 848 1142 loco
878 1107 941 1142 est
969 1107 1159 1154 sequente
1188 1100 1443 1153 conjunctivo
1472 1101 1610 1140 eadem
1641 1101 1797 1153 signifi-

118 1166 279 1208 catione
315 1173 436 1220 atque
473 1180 598 1222 quum
629 1174 785 1209 tamen.-
828 1168 884 1217 V,
914 1167 990 1216 28,
1020 1170 1046 1208 2
1075 1181 1115 1220 p.
1144 1165 1226 1208 207
1255 1168 1309 1208 in.
1347 1181 1472 1222 neque
1499 1166 1573 1208 ulli
1602 1181 1798 1224 umquam

116 1234 319 1275 medicina
351 1233 543 1290 profecit,
586 1234 656 1276 sed
691 1235 836 1275 adusta
868 1235 1058 1290 protinus
1094 1235 1288 1276 com-itata
1324 1240 1418 1276 sunt
1454 1239 1490 1276 et
1526 1234 1798 1284 increverunt,

117 1301 243 1343 donec
269 1301 492 1343 occiderent
519 1317 600 1350 -,·
628 1315 751 1357 quum
779 1302 943 1343 interim
965 1301 1152 1357 plerique
1179 1300 1334 1342 nullam
1362 1300 1445 1341 vim
1472 1300 1699 1342 adhibendo
1723 1326 1797 1352 -—,

116 1368 334 1423 quominus
362 1368 419 1409 ad
445 1367 628 1410 ultimam
657 1375 889 1411 senectutem
914 1369 1174 1424 perveniant,
1211 1383 1292 1410 non
1315 1367 1617 1423 prohibeantur.
1676 1370 1796 1410 Han-

118 1435 207 1478 dius
237 1444 377 1478 autem
409 1436 514 1477 falso
543 1435 823 1492 contendit²)‚
853 1445 945 1490 post
973 1437 1078 1477 hanc
1109 1436 1348 1478 locutionem
1380 1449 1542 1489 semper
1569 1436 1662 1488 poni
1689 1437 1795 1477 indi-

117 1503 311 1545 cativum.
369 1504 423 1544 Et
467 1504 573 1557 apud
617 1503 917 1551 Quintilianum
961 1505 1121 1558 quidem
1166 1503 1411 1544 indicativus
1450 1503 1572 1544 etiam
1612 1503 1660 1543 iis
1699 1504 1798 1546 locis

115 1572 318 1624 sequitur,
361 1571 430 1612 ubi
467 1571 765 1624 exspectandus
799 1578 888 1613 erat
925 1571 1227 1624 conjunctivus,
1273 1571 1365 1624 quia
1393 1570 1499 1611 inest
1526 1570 1567 1610 in
1596 1571 1799 1624 particula

116 1651 244 1694 quum
283 1639 518 1680 concessiva
562 1639 622 1679 vis
668 1637 833 1695 (Quint.
874 1639 945 1687 10,
977 1639 1023 1687 l,
1057 1637 1119 1680 18.
1178 1639 1248 1688 10,
1282 1639 1322 1686 1,
1355 1638 1446 1678 111.
1505 1638 1576 1687 12,
1610 1638 1677 1686 10,
1707 1635 1797 1693 67).

117 1705 274 1748 Contra
302 1705 388 1748 Cic.
418 1705 521 1747 Sull.
551 1706 597 1755 5,
630 1705 701 1747 16:
743 1720 868 1762 quum
909 1706 1073 1747 interim
1115 1703 1233 1747 Sulla
1274 1719 1365 1746 eum
1407 1703 1552 1745 iisdem
1593 1703 1676 1745 illis
1717 1719 1799 1747 non

115 1772 234 1814 modo
276 1780 428 1815 noctem
468 1771 801 1828 solitudinemque
844 1787 924 1815 non
965 1779 1180 1828 quoereret‚
1223 1772 1294 1814 sed
1330 1785 1380 1814 ne
1414 1771 1607 1813 mediocri
1635 1771 1797 1827 quidem

116 1853 298 1882 sermone
331 1846 369 1882 et
395 1853 610 1896 conqreseu
637 1840 971 1897 conjunyeretur3
1014 1840 1084 1895 qui
1113 1841 1223 1882 locus
1253 1839 1469 1881 consimilis
1498 1839 1533 1880 ei
1563 1846 1647 1890 est,
1681 1852 1795 1893 quem

115 1920 236 1961 supra
267 1921 319 1949 ex
347 1907 465 1950 Celso
495 1907 630 1949 attuli.

228 1973 287 2017 Si
326 1975 630 2028 interrogativae
673 1975 879 2028 particulae
923 1975 1002 2015 vim
1037 1981 1149 2017 tenet
1187 1987 1266 2016 uno
1303 1973 1441 2028 loco³)
1479 1974 1533 2021 V,
1561 1973 1636 2020 28,
1669 1973 1720 2014 12
1756 1987 1795 2027 p.

116 2041 198 2083 213
227 2047 332 2084 extr.
368 2042 415 2084 id
443 2055 600 2098 quoque
628 2042 734 2084 disci
762 2047 914 2098 potest,
949 2041 988 2083 si
1006 2042 1099 2098 jam
1127 2056 1246 2084 necne
1273 2055 1318 2083 eo
1335 2038 1480 2100 fistula
1506 2040 1795 2094 penetraverit,

116 2122 357 2164 quamquam
386 2109 426 2151 h.
443 2110 468 2150 l.
484 2111 621 2163 Targa
648 2110 839 2151 incertam
872 2122 959 2150 esse
989 2110 1088 2151 dicit
1117 2110 1296 2151 codicum
1318 2109 1572 2162 scripturam.
1591 2131 1640 2138 —
1656 2107 1794 2154 Quum

116 2176 421 2229 significandum
451 2183 557 2227 erat,
591 2177 650 2218 ita
678 2177 899 2231 praesertim
932 2177 1082 2231 aliquid
1120 2190 1259 2218 verum
1290 2189 1398 2225 esse,
1435 2174 1470 2216 si
1500 2174 1575 2215 hoc
1604 2175 1667 2215 vel
1696 2174 1793 2216 illud

118 2244 268 2285 factum
298 2249 425 2293 esset,
461 2243 603 2287 celsus
632 2245 684 2285 ad
713 2245 1023 2286 conditionalem
1052 2245 1317 2293 sententiam,
1355 2256 1427 2296 per
1455 2247 1558 2295 part.
1587 2242 1624 2283 ei
1652 2242 1794 2283 induc-

117 2317 226 2360 tam,
256 2324 450 2365 nusquam
480 2312 669 2365 apposuit
690 2311 941 2368 proesertim,
969 2313 1038 2353 sed
1068 2311 1335 2354 locutionibus
1355 2323 1452 2350 usus
1474 2314 1559 2357 est,
1589 2322 1676 2363 quae
1696 2314 1795 2350 sunt

117 2378 250 2434 ’παρὰ
277 2378 340 2428 εἰ,
374 2379 586 2435 maqiaque
612 2379 671 2429 ei,
708 2381 885 2422 maxime
913 2380 970 2427 ei,
997 2380 1278 2436 praecipueque
1305 2378 1343 2418 ei
1385 2376 1486 2432 (vid.
1516 2388 1607 2429 quae
1637 2376 1686 2416 de
1716 2376 1794 2417 bac

116 2445 403 2499 particularum
433 2446 715 2499 conjunctione
744 2447 864 2501 paulo
892 2460 1015 2500 supra
1044 2445 1278 2500 annotavi),
1308 2445 1442 2500 utique
1470 2442 1518 2483 si.
1575 2441 1717 2498 Maqia
1736 2443 1793 2492 si,

117 2513 222 2567 quod
250 2512 489 2569 Handius⁴)
518 2514 616 2555 dicit
643 2515 907 2556 recentiorum
937 2514 1176 2567 scriptorum
1207 2526 1313 2561 esse,
1348 2511 1455 2565 apud
1486 2509 1643 2551 Celsum
1675 2509 1792 2551 valde

117 2580 306 2634 frequens
334 2586 419 2630 est,
448 2580 560 2623 velut
587 2582 652 2631 ΙΙ,
680 2581 709 2624 8
737 2595 774 2636 p.
805 2581 882 2631 48,
911 2581 966 2622 24
1002 2579 1080 2623 Cui
1106 2593 1198 2622 vero
1226 2593 1325 2620 sano
1354 2577 1507 2618 subitus
1535 2575 1650 2618 dolor
1677 2577 1793 2632 oapi-

116 2646 169 2689 tio
195 2653 307 2689 mma
334 2653 392 2688 est
418 2670 495 2698 —-‚
532 2649 644 2690 intra
671 2648 882 2704 septimum
909 2648 1017 2690 diem
1039 2647 1294 2704 pereundum
1322 2651 1394 2695 est,
1423 2643 1555 2700 mayia
1583 2643 1639 2693 ai,
1667 2657 1793 2699 quum

117 2712 233 2756 alvus
259 2714 339 2756 cita
366 2728 448 2756 non
475 2718 746 2767 antecessu-it,
774 2715 984 2773 palpebrae
1010 2714 1247 2757 dormientis
1274 2727 1354 2755 non
1373 2718 1531 2761 coeunt,
1559 2710 1630 2752 sed
1657 2709 1793 2752 album

183 2856 210 2906 ¹)
238 2859 303 2896 cfr
329 2860 376 2898 de
405 2860 678 2908 significat-ione
706 2860 903 2907 particulae
932 2871 1003 2907 quo
1033 2857 1216 2900 Schultz„
1248 2857 1275 2893 l.
1298 2857 1323 2894 l.
1355 2855 1378 2901 ξ
1400 2857 1496 2893 350.

176 2913 210 2964 ²)
239 2918 363 2955 Hand.
394 2930 424 2954 e.
455 2931 491 2955 v.
523 2921 669 2955 interim
697 2930 812 2966 pagg.
838 2919 920 2955 423
953 2919 991 2954 et
1022 2917 1119 2952 429.
1169 2915 1232 2952 Cfr
1260 2915 1473 2960 Zumptium
1500 2914 1548 2950 ad
1575 2912 1722 2957 Qfint„
1753 2911 1792 2948 in

120 2974 195 3012 vol.
227 2977 250 3012 5
281 2977 456 3014 editionis
485 2976 700 3024 Spalding..
731 2988 820 3024 pag.
848 2977 952 3019 411;
984 2973 1245 3021 Spaldingium
1273 2973 1322 3009 ad
1352 2972 1480 3016 Quint.
1512 2972 1582 3014 12,
1609 2972 1679 3014 10,
1703 2970 1770 3006 67.

177 3029 210 3079 ³)
239 3033 333 3070 Cels.
366 3033 421 3070 ΠΙ
430 3060 439 3077 ,
476 3035 525 3071 18
558 3034 642 3077 fin.,
672 3035 737 3070 ubi
765 3035 856 3071 olim
886 3034 1066 3079 scriptum
1096 3034 1178 3067 erat
1207 3032 1360 3067 Interest
1388 3031 1515 3070 etiam,
1545 3031 1579 3064 si
1608 3031 1687 3076 ipse
1714 3029 1793 3063 sine

119 3102 236 3127 causa
264 3093 420 3129 subinde
446 3094 587 3134 rideat,
618 3105 671 3128 an
697 3099 852 3130 moestus
881 3093 1126 3137 dominusque
1154 3090 1218 3131 sit,
1249 3088 1373 3135 Targa
1402 3090 1441 3124 et
1470 3087 1691 3123 recentiores
1717 3085 1792 3122 edi·

117 3149 217 3184 tores
245 3161 314 3195 pro
343 3152 377 3186 ei
405 3153 610 3197 posuerunt
638 3151 680 3187 is.

178 3203 210 3252 4)
240 3206 276 3243 S.
309 3220 345 3244 v.
375 3210 497 3256 magis
524 3219 613 3256 pag.
638 3209 733 3245 560.
1574 3259 1602 3302 6
