2106 3658
605 368 658 405 De
688 367 896 406 elocutione
924 367 970 406 A.
1000 368 1162 407 Cornelii
1191 369 1299 408 Celsi.
1751 371 1801 408 27

244 483 293 524 Iu
320 479 542 524 masculino
569 495 711 536 genere
734 482 912 541 pluralis
940 485 1092 527 numeri
1120 497 1225 539 saepe
1253 497 1325 539 pro
1352 485 1618 527 substantivis
1646 498 1805 540 ponnu-

134 555 201 591 tur
241 549 443 602 adjectiva
470 555 510 590 et
537 551 768 605 participia,
804 551 844 592 id
882 553 987 607 quod
1016 553 1135 594 etiam
1166 553 1271 606 apud
1300 558 1456 594 ceteros
1483 554 1696 607 scriptores
1725 567 1805 595 sae-

131 616 222 670 pius
250 617 296 658 fit
323 629 444 671 quam
473 617 513 658 in
543 617 734 672 singulari
764 631 938 661 numero.
996 619 1147 662 Omnes
1176 633 1292 661 casus
1321 619 1380 660 ita
1409 620 1530 674 positi
1568 620 1706 662 multis
1744 621 1803 662 lo-

132 684 189 726 eis
216 685 324 737 apud
353 684 512 726 Celsum
541 685 807 736 inveniuntur,
837 687 1177 741 frequentissimus
1207 694 1341 728 autem
1378 694 1440 728 est
1477 687 1659 737 dativus,
1691 689 1804 732 velut

127 749 393 793 rationalibus
421 764 510 805 opp.
539 753 810 809 espen-imaum
838 759 993 796 tantum
1020 754 1286 810 spectantibus
1319 754 1361 810 (Ι
1380 767 1554 808 prooem.
1574 769 1612 809 p.
1635 756 1687 797 10
1709 755 1802 812 ἰη.),

129 817 354 868 imbecillis,
382 819 576 877 infirmis,
606 819 912 870 robustioribus,
934 820 1087 876 plenis,
1115 820 1291 872 biliosis,
1319 822 1453 871 sanis,
1488 822 1802 873 insanientibus,

128 884 423 935 laborantibus,
452 887 753 942 oeyrotantibus,
781 888 1033 939 curantibus,
1061 889 1247 939 insuetis,
1277 888 1451 943 (morbo)
1480 891 1694 945 oppressis.
1750 891 1801 932 In

131 953 377 995 nominativo
397 954 630 996 insolentius
650 955 727 996 dici
747 962 844 1009 puto
862 956 968 1005 VII,
996 955 1065 1006 26,
1094 957 1120 996 2
1141 970 1177 1010 p.
1199 956 1294 1007 308,
1314 955 1341 997 9
1360 962 1402 997 et
1424 956 1498 999 18:
1518 957 1599 998 duo
1617 956 1800 1000 valentes.

239 1021 288 1062 In
317 1027 456 1063 neutro
483 1022 585 1077 sinq.
616 1036 693 1063 non
723 1024 781 1065 ita
809 1036 899 1065 raro
929 1023 1113 1076 exempla
1139 1023 1408 1065 inveniuntur.
1456 1025 1504 1065 In
1531 1025 1799 1067 nominativo:

129 1086 284 1138 album,
313 1087 415 1138 leve,
444 1087 594 1145 oequale
622 1091 683 1139 ΙΙ,
712 1091 738 1131 3
769 1103 808 1144 p.
839 1091 906 1140 33,
936 1090 974 1132 9.
1016 1088 1203 1132 Medium
1231 1092 1307 1140 IV,
1340 1090 1390 1132 15
1419 1104 1458 1144 p.
1493 1091 1584 1141 141,
1613 1093 1679 1134 20.
1720 1091 1799 1133 In-

128 1154 296 1211 oequale,
326 1170 515 1211 asperum
544 1158 600 1206 V,
615 1158 682 1206 28,
701 1158 752 1199 12
767 1171 805 1211 p.
822 1158 917 1207 214,
934 1157 973 1199 5.
1003 1155 1180 1207 Cavum,
1209 1172 1286 1212 qua
1315 1171 1412 1199 voce
1442 1171 1513 1212 pro
1542 1159 1798 1201 substantivo

127 1223 250 1273 Cato,
292 1223 380 1265 Liv.
411 1223 481 1264 alii
510 1225 571 1265 usi
599 1231 713 1275 sunt,
757 1225 879 1266 etiam
923 1226 1028 1279 apud
1071 1225 1233 1267 Celsum
1272 1231 1313 1266 et
1341 1225 1381 1266 in
1412 1226 1657 1268 nominativo
1687 1232 1730 1268 et
1757 1227 1800 1268 iu

126 1291 217 1332 aliis
245 1291 404 1332 casibus
431 1291 686 1334 substantive
714 1293 888 1346 positum
919 1298 993 1334 est.
1023 1315 1076 1322 —-
1105 1293 1152 1334 In
1183 1293 1356 1346 genitivo
1386 1293 1596 1346 partitive,
1632 1294 1698 1348 qui
1725 1307 1800 1335 vo-

128 1365 257 1409 catur,
285 1359 398 1400 velut
424 1357 571 1415 liquati
597 1359 756 1415 aliquid
785 1360 839 1409 V,
871 1356 937 1409 17,
966 1361 1004 1400 2.
1042 1358 1215 1416 Aliquid
1242 1360 1391 1416 inteyri
1417 1360 1495 1410 VI,
1528 1360 1592 1410 18,
1620 1362 1658 1402 3.
1689 1358 1801 1413 Quid

127 1425 241 1467 aridi
269 1426 354 1476 VI,
390 1425 436 1468 19
464 1440 502 1480 p.
531 1426 628 1468 261.
664 1426 789 1468 Nihil
816 1426 932 1468 dubii
960 1428 1069 1476 VII,
1099 1424 1125 1468 7
1155 1441 1193 1481 p.
1223 1424 1318 1476 277,
1347 1429 1414 1468 23.
1445 1428 1554 1477 VII,
1582 1429 1636 1469 23
1665 1429 1718 1470 in.
1747 1452 1800 1460 —-

127 1493 175 1535 In
206 1493 364 1535 dativo:
394 1493 556 1543 deraso,
592 1494 735 1536 detrito
765 1496 818 1544 V,
846 1493 914 1544 26,
943 1494 1011 1535 35.
1041 1493 1216 1550 Aequali
1245 1495 1300 1544 V,
1314 1494 1382 1544 28,
1402 1495 1451 1536 12
1466 1508 1506 1548 p.
1523 1495 1617 1545 214,
1633 1497 1672 1538 4.
1697 1494 1802 1538 Levi

127 1561 254 1611 VIII,
288 1561 307 1601 l
340 1573 378 1614 p.
408 1558 503 1611 327,
531 1561 598 1603 26.
627 1586 683 1592 —
711 1563 757 1603 In
789 1563 1038 1603 accusativo:
1082 1562 1252 1603 crudum
1281 1563 1319 1611 I,
1349 1564 1375 1602 2
1405 1563 1459 1603 in.
1503 1562 1721 1617 Friqidum
1757 1564 1801 1614 1,

127 1629 154 1669 3
182 1642 222 1682 p.
254 1624 320 1678 17,
346 1628 387 1670 8.
431 1627 582 1670 Album
609 1630 688 1679 IV,
716 1630 770 1669 22
799 1643 837 1683 p.
873 1630 970 1677 148,
1002 1628 1052 1670 16
1081 1636 1123 1671 et
1151 1629 1308 1682 saepius.
1351 1627 1537 1671 Medium
1565 1631 1620 1679 V,
1648 1629 1717 1680 28,
1751 1630 1801 1672 18

127 1695 181 1737 in.
213 1701 256 1738 et
283 1696 392 1736 alibi.
423 1720 476 1726 —
506 1697 554 1737 Iu
584 1697 783 1738 ablativo:
827 1695 980 1743 calido,
1008 1696 1175 1754 friqido
1202 1697 1263 1745 11,
1292 1693 1318 1738 7
1347 1710 1386 1750 p.
1416 1697 1470 1739 39
1499 1698 1566 1739 fin.
1618 1696 1718 1739 Vivo
1746 1698 1800 1747 V,

127 1763 197 1818 26,
225 1763 280 1804 33
308 1764 377 1805 fin.
407 1761 579 1805 Contuso
607 1764 662 1814 V,
691 1763 758 1812 28,
790 1764 842 1805 14
870 1777 909 1818 p.
938 1761 1035 1812 217,
1063 1765 1131 1805 21.
1174 1762 1312 1819 Niqro
1341 1764 1416 1813 VI,
1445 1763 1484 1813 6,
1516 1765 1535 1805 1
1569 1777 1606 1817 p.
1636 1764 1718 1806 226
1746 1765 1801 1806 in.

130 1831 292 1886 Inteqro
322 1831 404 1881 VI,
445 1830 515 1878 18,
545 1832 570 1871 3
599 1831 654 1872 in.
698 1829 879 1873 Lubrico
915 1832 1042 1880 VIII,
1070 1832 1097 1872 3
1126 1844 1164 1884 p.
1195 1831 1298 1880 331,
1326 1830 1366 1872 8.
1424 1829 1529 1872 Plus
1549 1831 1663 1886 justo
1692 1832 1733 1881 I,
1765 1833 1801 1874 1.

127 1898 214 1948 III,
242 1899 297 1939 22
325 1911 364 1952 p.
399 1899 489 1948 110,
519 1899 585 1940 30.
615 1899 718 1947 VII,
750 1898 801 1940 18
830 1899 896 1939 fin.
939 1897 1187 1954 Loquacitas
1228 1897 1342 1939 solito
1385 1898 1580 1940 audacior
1616 1899 1677 1948 11,
1705 1895 1732 1940 7
1762 1913 1801 1953 p.

126 1966 204 2015 42,
237 1965 299 2006 15.
357 1964 462 2007 Plus
489 1979 601 2022 aequo
629 1966 736 2015 VII,
766 1962 820 2008 27
849 1979 888 2019 p.
918 1965 1012 2014 315,
1046 1966 1108 2007 ll.
1141 1989 1194 1995 —-
1229 1965 1463 2019 Apponitur
1505 1966 1701 2007 vocabulo
1743 1966 1803 2007 ita

128 2039 318 2086 usurpato
347 2033 470 2074 etiam
498 2033 718 2086 genitivus:
762 2032 896 2074 album
939 2034 1004 2075 ovi
1047 2034 1117 2084 (eoe
1145 2046 1236 2081 ovo,
1265 2047 1315 2074 ex
1343 2032 1443 2086 ovis)
1473 2033 1513 2073 in
1543 2047 1668 2082 nom.‚
1697 2046 1803 2083 acc„

127 2101 228 2148 dat„
271 2100 416 2150 ablat.;
458 2099 594 2142 album
635 2099 760 2150 oculi,
802 2099 1006 2142 oculorum
1041 2100 1082 2141 in
1118 2113 1243 2149 nom.,
1288 2101 1394 2149 dat„
1439 2100 1562 2142 ablat.
1599 2098 1804 2142 Jecinoris

128 2181 309 2209 crassum
336 2167 392 2217 V,
420 2167 488 2217 26,
517 2168 557 2209 3.
614 2167 826 2210 Summum
868 2167 955 2223 ejus
987 2167 1215 2226 foraminis
1258 2167 1364 2218 VII,
1401 2163 1440 2217 7,
1469 2164 1508 2209 7.
1554 2166 1692 2208 Imum
1720 2167 1803 2223 ejus

128 2233 327 2290 (plantae),
356 2248 508 2284 aecus,
536 2236 664 2285 VIII,
693 2236 759 2276 23.
777 2235 980 2276 —Etiam
1010 2248 1098 2276 cum
1129 2235 1359 2288 pronomine
1389 2235 1641 2288 conjungitur
1669 2235 1804 2288 adjec-

128 2302 254 2343 tivum
285 2302 346 2342 vel
374 2302 646 2356 participium:
676 2301 803 2343 simili
829 2301 965 2358 aliquo
992 2303 1075 2351 III,
1108 2302 1160 2343 18
1188 2315 1227 2355 p.
1258 2301 1312 2343 99
1340 2303 1408 2343 fin.
1468 2300 1604 2343 Alicui
1631 2301 1804 2343 molliori

128 2369 184 2419 V,
217 2365 268 2410 17
297 2369 365 2410 fin.
395 2368 546 2425 Aliquo
574 2368 730 2425 liquido
759 2370 814 2419 V,
843 2371 912 2419 22,
945 2370 980 2410 1.
1010 2367 1106 2410 Alio
1131 2367 1355 2424 ylutinante
1383 2369 1488 2418 VII,
1521 2370 1567 2410 ll
1586 2369 1651 2410 fin.
1679 2367 1804 2410 Nulli

128 2443 260 2478 retuso
287 2437 414 2486 VIII,
443 2433 469 2478 7
498 2437 553 2478 in.
582 2435 680 2479 Sine
709 2435 790 2478 ullo
818 2437 906 2478 aeri
933 2437 1062 2486 VIII,
1091 2435 1118 2477 9
1137 2449 1175 2489 p.
1196 2435 1297 2485 343,
1321 2435 1372 2478 19
1381 2448 1394 2487 ;
1423 2436 1464 2477 in
1494 2435 1637 2491 quibus
1665 2448 1803 2478 exem-

130 2503 207 2558 plis
235 2504 421 2546 dubitare
449 2504 564 2554 licet,
609 2510 741 2546 utrum
770 2504 970 2558 adjectivo
999 2503 1064 2544 vel
1093 2502 1325 2557 participio,
1368 2517 1420 2545 an
1450 2504 1674 2558 pronomini
1703 2503 1802 2546 sub-

129 2571 300 2615 stantivi
331 2571 391 2612 vis
420 2572 605 2626 subjecta
633 2572 699 2614 sit.

241 2638 472 2692 Saepissime
502 2645 636 2681 autem
666 2652 692 2680 a
721 2639 840 2682 Celso
868 2638 1122 2681 substantive
1157 2644 1359 2692 ponuntur
1388 2638 1588 2692 adjectiva
1615 2638 1657 2680 in
1687 2639 1804 2681 abla-

129 2705 213 2748 tivo
242 2706 304 2747 vel
334 2706 564 2748 accusativo
593 2720 690 2749 casu
719 2714 847 2749 neutr.
877 2707 976 2759 sing.
1006 2720 1096 2746 eum
1116 2704 1469 2760 praepositionibus
1497 2706 1556 2747 ita
1575 2707 1804 2759 conjuncta,

130 2781 175 2815 ut
203 2773 481 2815 adverbiorum
511 2775 592 2816 fere
623 2774 702 2815 vim
732 2780 900 2816 teneant
929 2774 990 2815 hae
1019 2773 1249 2814 locutiones.
1292 2773 1382 2814 Hoc
1401 2785 1518 2827 quum
1541 2773 1648 2827 apud
1667 2786 1804 2815 omues

131 2840 344 2894 scriptores
374 2841 466 2890 fiat,
504 2842 611 2896 apud
640 2842 882 2895 posteriores
912 2849 1046 2883 tamen
1078 2839 1320 2894 frequentius
1350 2845 1413 2881 est
1430 2838 1483 2895 ¹).
1540 2841 1662 2882 Tales
1692 2840 1805 2882 loeu-

130 2907 261 2950 tiones
290 2907 429 2950 Celsus
458 2908 532 2950 has
561 2908 704 2950 habet:
733 2923 783 2952 ex
811 2908 890 2950 alto
919 2908 993 2966 (V,
1013 2908 1067 2949 23
1086 2907 1140 2948 in.
1169 2905 1239 2948 ubi
1266 2920 1316 2950 ex
1343 2905 1422 2948 alto
1451 2907 1695 2949 deciderunt.
1725 2909 1805 2959 ΙΠ,

131 2973 158 3016 5
185 2974 241 3016 iu.
269 2973 327 3016 At
349 2975 387 3017 si
413 2989 464 3018 eze
491 2975 570 3018 alto
597 2974 708 3018 calor
734 2976 841 3018 venit
868 2977 894 3018 i.
918 2969 962 3017 a.
993 2988 1043 3016 ex
1071 2974 1325 3016 interioribus
1360 2974 1534 3028 corporis
1571 2973 1804 3031 partibus),

132 3055 184 3084 ex
200 3040 328 3098 facili
354 3043 521 3097 saepius,
564 3057 614 3086 ex
641 3043 857 3099 improviso
886 3043 966 3101 (II,
995 3042 1023 3084 8
1051 3055 1089 3095 p.
1119 3040 1187 3091 49,
1218 3040 1312 3098 16),
1356 3054 1405 3083 ex
1426 3041 1600 3097 parvulo
1628 3041 1747 3098 (VII,
1776 3042 1804 3086 6

133 3107 234 3166 in.)‚
262 3122 313 3151 σω
341 3116 419 3152 toto
447 3111 689 3165 saepissime,
718 3125 768 3153 ex
795 3111 924 3153 vicino
954 3110 1080 3168 (VII,
1108 3108 1135 3151 9
1163 3107 1238 3164 in.)
1248 3121 1261 3159 ;
1290 3133 1342 3139 —
1370 3108 1417 3150 in
1444 3108 1526 3152 imo
1554 3108 1695 3166 (VIII,
1719 3110 1738 3152 1
1762 3123 1802 3164 p.

199 3230 226 3280 ¹)
255 3232 317 3270 efr
344 3234 526 3280 Draeger.,
558 3233 614 3270 1.l.
645 3245 733 3282 pag.
766 3234 833 3271 45.
