2106 3658
388 362 410 398 2
1066 359 1104 394 C.
1135 359 1180 394 A.
1209 357 1352 394 Brolen.

384 479 466 515 stat
494 473 664 524 linguam
694 472 855 514 latinam
883 471 934 512 ad
961 483 1151 511 summam
1179 468 1457 523 perfectionem
1487 469 1714 519 adduxisse,
1746 469 1815 510 sed
1845 470 1883 510 in
1914 469 2016 510 mul-

385 546 447 581 tos
476 551 624 592 quoque
653 538 858 590 diligenter
884 536 1170 590 inquisiverunt
1197 547 1349 583 eorum,
1391 534 1457 587 qui
1493 547 1608 588 quum
1638 534 1849 588 primorum
1879 535 2016 577 Caesa-

385 617 468 646 rum
498 604 734 656 temporibus
763 608 913 649 esseut,
942 602 1054 643 nobis
1082 601 1302 649 declarant,
1330 600 1455 654 qualis
1483 606 1574 654 post
1601 601 1832 654 optimorum
1862 601 2016 642 illorum

384 676 542 711 aetatem
587 669 701 710 fuerit
742 668 853 709 latini
890 667 1080 709 sermonis
1109 667 1292 708 conditio.
1349 666 1554 708 Videbant
1583 667 1686 708 enim
1715 667 1778 708 his
1814 667 2016 720 scriptori-

383 737 474 783 bus,
503 735 655 775 etiamsi
684 734 735 774 ad
763 734 916 774 illorum
945 733 1212 787 praestantiam
1243 746 1317 773 non
1347 732 1596 781 accederent,
1625 746 1738 774 suam
1766 740 1901 775 tamen
1931 733 2018 774 lau-

382 802 468 841 dem
497 800 743 841 tribuendam
771 813 877 848 esse,
907 813 1030 853 neque
1060 800 1211 840 illorum
1243 811 1363 852 opera
1389 811 1607 839 sermonem
1637 799 1801 840 latinum
1838 805 1924 840 tam
1955 800 2018 840 fu-

380 867 457 907 isse
500 866 551 906 ab
593 865 699 906 omni
741 871 852 918 parte
886 866 1119 919 perfectum,
1161 871 1207 906 ut
1235 864 1331 906 nihil
1361 864 1466 905 ultra
1493 865 1544 905 ab
1572 865 1620 906 iis
1650 865 1743 906 addi
1772 870 1922 919 posset,
1952 864 2018 918 qui

381 938 519 985 postea
546 931 686 972 litteris
715 932 933 973 studerent.
990 930 1123 978 Quare
1151 945 1266 984 quum
1297 930 1368 971 hos
1398 942 1547 984 quoque
1566 936 1755 984 putarent
1773 932 1823 972 ad
1844 931 2017 984 linguam

379 996 629 1037 excolendam
657 1003 774 1050 atque
803 998 1114 1050 locupletandam
1145 997 1308 1038 multum
1338 997 1535 1045 effecisse,
1578 1003 1772 1049 argenteae
1807 997 1888 1046 illi,
1930 1009 2017 1051 quae

379 1069 551 1111 vocatur,
580 1062 769 1104 latinitati
798 1063 1074 1116 cognoscendae
1102 1063 1266 1104 multam
1297 1076 1453 1116 operam
1491 1063 1696 1104 dederunt.
1755 1062 1848 1110 Qua
1882 1069 2016 1104 tamen

379 1129 417 1169 in
449 1142 492 1169 re
521 1141 638 1182 quum
667 1130 794 1170 multa
837 1130 1015 1183 equidem
1044 1129 1212 1170 viderem
1243 1130 1413 1170 nondum
1443 1141 1527 1169 esse
1555 1129 1653 1170 satis
1683 1130 1918 1183 explanata,
1946 1141 2019 1169 ne-

378 1207 450 1248 que
480 1195 705 1248 quisquam,
740 1195 843 1249 quod
871 1196 1028 1243 scirem,
1057 1195 1104 1236 de
1133 1195 1330 1236 scribendi
1359 1208 1500 1247 genere
1529 1194 1582 1236 A.
1611 1195 1783 1236 Cornelii
1813 1194 1920 1238 Celsi
1949 1207 2018 1236 co-

378 1260 523 1314 piosius
553 1261 858 1314 disputavisset,
903 1275 1029 1315 operae
1057 1261 1224 1315 pretium
1254 1262 1428 1303 facturus
1458 1261 1551 1302 mihi
1581 1261 1761 1309 videbar,
1791 1262 1826 1303 si
1856 1262 1904 1302 de
1933 1260 2017 1302 elo-

378 1326 531 1367 cutione
573 1327 656 1380 ejus
700 1327 832 1382 aliqua
874 1340 1065 1382 exponere
1095 1333 1259 1369 conatus
1288 1341 1426 1368 essem.
1483 1328 1539 1369 Et
1566 1340 1801 1381 quamquam
1829 1328 1928 1369 satis
1956 1327 2019 1368 in-

376 1393 620 1446 telligebam,
662 1393 764 1436 hanc
807 1407 888 1435 rem
919 1401 960 1435 et
989 1394 1152 1435 multum
1182 1394 1427 1436 difficultatis
1456 1393 1598 1435 habere
1628 1399 1670 1434 et
1698 1394 1820 1436 multo
1849 1394 2018 1447 majores

378 1459 476 1499 vires
505 1459 747 1510 desiderare,
776 1472 891 1514 quam
919 1473 1005 1514 quae
1034 1473 1128 1501 meae
1156 1466 1309 1508 essent,
1342 1461 1430 1501 ideo
1459 1466 1593 1501 tamen
1622 1460 1696 1502 hoc
1725 1473 1823 1514 opus
1850 1460 2018 1514 suscepi,

376 1525 477 1578 quod
505 1524 639 1579 aliqua
666 1539 716 1566 ex
743 1532 856 1580 parte
885 1539 946 1567 me
976 1527 1209 1582 effecturum
1239 1527 1465 1579 sperabam,
1494 1533 1538 1567 ut
1566 1527 1690 1580 magis
1710 1532 2018 1580 cognosceretur,

376 1591 503 1645 qualis
544 1597 650 1632 esset
691 1605 817 1633 sermo
853 1593 968 1646 hujus
998 1593 1220 1646 scriptoris,
1263 1605 1375 1646 quem
1403 1593 1676 1646 gravissimum
1707 1606 1841 1634 omnes
1868 1605 2020 1646 semper

372 1658 618 1710 judicassent
646 1658 759 1700 bonae
787 1659 995 1700 latinitatis
1023 1665 1232 1700 auctorem.

485 1853 615 1901 Quum
646 1855 693 1896 de
723 1856 808 1897 vita
835 1856 941 1898 Celsi
971 1856 1067 1897 nihil
1097 1858 1175 1898 sere
1205 1858 1399 1899 memoriae
1429 1857 1625 1912 proditum
1663 1857 1738 1908 sit,
1785 1863 1870 1899 tum
1899 1856 2018 1910 certis

376 1920 530 1962 indiciis
572 1922 846 1974 cognovimus,
889 1936 976 1964 eum
1020 1929 1062 1964 et
1104 1923 1311 1976 multiplici
1353 1925 1532 1965 doctrina
1562 1923 1683 1964 fuisse
1711 1924 1944 1964 instructum
1977 1929 2019 1964 et

377 1987 476 2027 mira
504 1987 675 2040 quadam
704 1988 901 2029 scribendi
930 1989 1119 2030 facultate
1149 1990 1197 2030 de
1227 1989 1360 2030 multis
1390 1990 1583 2043 variisque
1612 1990 1731 2030 rebus
1760 1989 1880 2030 libros
1909 2001 2018 2030 com-

375 2052 572 2105 posuisse;
619 2059 660 2093 et
688 2052 957 2099 Quintilianus
986 2055 1141 2108 quidem
1171 2068 1248 2096 non
1278 2056 1436 2097 dubitat
1463 2068 1549 2096 eum
1578 2056 1617 2096 in
1649 2055 1722 2096 hac
1750 2068 1792 2096 re
1821 2067 1910 2096 cum
1939 2054 2018 2096 Ca-

375 2124 492 2166 tone,
533 2118 734 2167 Varrone,
776 2120 963 2161 Cicerone
1005 2134 1233 2174 comparare
1253 2122 1306 2176 ¹).
1363 2122 1532 2163 Constat
1573 2121 1692 2174 igitur
1725 2134 1814 2162 eum
1852 2121 1900 2161 de
1931 2125 2017 2161 arte

375 2183 591 2232 rhetorica,
620 2184 668 2225 de
696 2185 965 2239 philosophia,
1006 2187 1053 2227 de
1082 2201 1123 2228 re
1153 2187 1330 2237 militari,
1373 2188 1421 2228 de
1451 2201 1492 2229 re
1519 2188 1690 2236 rustica,
1733 2187 1782 2228 de
1825 2186 2019 2228 medicina

376 2249 499 2291 libros
542 2251 838 2304 conscripsisse,
880 2259 920 2293 et
961 2259 1198 2306 putaverunt
1240 2254 1418 2294 nonnulli
1446 2267 1533 2295 eum
1564 2253 1767 2294 historiam
1799 2265 1949 2306 quoque
1977 2257 2020 2293 et

370 2314 436 2368 jus
465 2321 660 2357 tractasse
679 2317 730 2372 ²).
786 2319 851 2359 Ex
879 2318 988 2359 libris
1016 2325 1149 2360 autem
1179 2319 1282 2372 ejus,
1325 2333 1420 2373 quos
1463 2321 1617 2361 videtur
1657 2320 1695 2360 in
1727 2332 1847 2360 unum
1877 2330 2017 2371 corpus

377 2381 736 2435 comprehendisse,
778 2385 879 2437 quod
908 2383 1028 2426 Artes
1055 2385 1284 2438 inscriptum
1315 2392 1422 2435 erat,
1464 2387 1514 2428 ad
1544 2392 1719 2427 nostram
1750 2389 1908 2426 aetatem
1939 2395 2016 2424 uon

375 2454 677 2499 permanserunt
718 2449 792 2490 nisi
835 2456 924 2491 octo
954 2451 1002 2491 de
1032 2451 1222 2492 medicina
1251 2452 1350 2493 libri.
1407 2453 1469 2493 De
1498 2452 1703 2494 rhetoricis
1731 2456 1862 2491 autem
1891 2448 2018 2490 multa

375 2513 496 2554 affert
523 2512 793 2559 Quintilianus
823 2522 864 2557 et
891 2517 1046 2569 quidem
1075 2530 1180 2570 saepe
1209 2517 1275 2567 iis,
1318 2531 1402 2571 qnae
1429 2531 1455 2559 a
1483 2518 1597 2560 Celso
1626 2517 1664 2558 in
1695 2516 1770 2556 hac
1799 2521 1885 2556 arte
1913 2527 2016 2568 prae-

377 2585 493 2632 cepta
521 2586 632 2627 sunt,
660 2581 892 2622 adversatur
920 2595 1043 2636 neque
1072 2583 1230 2624 omnino
1259 2583 1414 2624 videtur
1441 2584 1476 2625 ei
1505 2583 1670 2624 multum
1696 2581 1908 2622 admodum
1928 2580 2016 2621 lau-

377 2644 438 2684 dis
467 2645 649 2685 tribuere.
705 2646 933 2701 Eodemque
962 2654 1062 2689 teste
1078 2648 1117 2703 ³)
1146 2649 1311 2698 scimus,
1339 2649 1495 2690 Celsum
1515 2649 1556 2690 in
1576 2646 1824 2703 philosophia
1843 2645 2016 2694 Sextios,

377 2709 443 2762 qui
485 2710 706 2752 Stoicorum
749 2714 917 2754 maxime
958 2714 1204 2767 disciplinam
1247 2714 1419 2768 amplexi
1461 2721 1574 2763 sunt,
1616 2719 1793 2755 secutum
1823 2724 1900 2753 non
1929 2711 2015 2752 sine

377 2775 481 2815 cultu
511 2789 559 2817 ac
588 2776 712 2817 nitore
742 2779 865 2820 multa
892 2780 1179 2834 conscripsisse.
1235 2780 1369 2834 Atque
1396 2793 1444 2821 ex
1463 2781 1598 2830 libris,
1627 2792 1723 2834 quos
1742 2778 1790 2819 de
1809 2790 1850 2818 re
1869 2777 2018 2818 rustica

377 2842 627 2895 conscripsit,
655 2843 753 2884 satis
782 2845 909 2886 multa
936 2845 1158 2887 Columella
1185 2846 1344 2896 attulit,
1373 2846 1458 2899 ipse
1488 2860 1537 2888 ea
1565 2859 1706 2899 magna
1723 2857 1773 2887 ex
1791 2849 1904 2898 parte
1922 2855 2014 2896 pro-

441 2957 467 3004 ¹)
496 2961 621 3004 Quint.
652 2963 742 3001 Inst.
772 2976 824 3001 or.
859 2966 923 3009 12,
958 2967 1021 3010 11,
1054 2968 1119 3003 23.

435 3012 468 3062 ²)
496 3018 580 3054 Vid.
610 3030 691 3066 quae
718 3020 764 3057 de
790 3021 847 3058 his
876 3023 983 3059 rebus
1011 3024 1153 3071 copiose
1166 3023 1372 3070 disputavit
1385 3023 1424 3061 C.
1440 3022 1630 3066 Kisselius,
1664 3020 1733 3058 «Α.
1754 3020 1861 3058 Corn.
1878 3019 2012 3066 Celsus,

379 3071 460 3109 eine
485 3074 701 3114 histor-ischa
730 3078 1033 3127 Monographie.»
1094 3080 1242 3118 Giessen
1274 3079 1394 3119 1844.

436 3123 469 3178 ἢ
497 3130 585 3168 Inst.
616 3131 677 3170 Or.
711 3135 775 3180 10,
809 3135 845 3180 1,
879 3137 971 3175 124.
1349 3145 1379 3159 '³
