2164 3666
462 880 521 950 De
560 881 836 951 elocutione
876 880 918 950 Α.
962 881 1173 950 Cornelii
1214 879 1348 949 Celsi.

829 1070 984 1118 Scripsit
1008 1118 1014 1124 .

757 1169 799 1213 G.
831 1169 873 1213 Λ.
907 1168 1061 1213 Brolen.

73 1368 298 1453 Quisquis
329 1399 499 1453 linguam
530 1401 704 1455 aliquam
735 1401 895 1455 penitus
926 1413 1162 1454 cognoscere
1192 1399 1318 1449 volet,
1356 1399 1393 1439 ei
1427 1412 1506 1440 non
1537 1398 1638 1440 satis
1669 1398 1746 1439 erit

69 1469 191 1516 scire,
235 1468 364 1522 qualis
407 1468 473 1509 illa
518 1469 624 1522 apud
667 1483 787 1510 unum
826 1469 1024 1523 quendam
1056 1468 1291 1521 scriptorem
1323 1473 1396 1508 aut
1426 1473 1540 1508 certa
1569 1466 1743 1520 quadam

68 1541 188 1577 aetate
218 1535 357 1585 fuerit,
388 1536 458 1576 sed
489 1537 608 1577 etiam
640 1538 893 1590 quaerendum
925 1536 1018 1585 erit,
1056 1549 1136 1590 qua
1173 1535 1328 1575 ratione
1357 1535 1412 1575 sit
1441 1534 1611 1576 diversis
1641 1530 1745 1575 teni-

68 1603 232 1657 poribus
276 1604 437 1644 exculta
481 1610 600 1658 atque
630 1605 890 1646 conformata.
949 1605 1087 1657 Neque
1117 1602 1222 1643 enim
1252 1602 1388 1655 lingua
1417 1603 1559 1643 eadem
1587 1614 1746 1655 semper

69 1677 189 1724 atque
218 1670 431 1712 immutata
462 1678 619 1721 manet,
649 1672 721 1712 sed
751 1678 796 1713 ut
824 1671 1059 1726 populorum
1089 1670 1211 1711 animi
1234 1675 1275 1710 et
1296 1683 1426 1710 mores
1446 1683 1519 1723 per
1538 1669 1744 1710 hominum

70 1743 212 1778 oetates
256 1738 423 1778 multum
469 1745 777 1788 commutantur,
821 1740 880 1780 ita
909 1739 1051 1792 linguae
1081 1750 1234 1792 quoque
1264 1738 1398 1778 formae
1427 1737 1543 1791 longe
1574 1736 1744 1778 diversae

68 1809 292 1857 temporum
337 1805 453 1846 cursu
497 1806 698 1847 exsistant
741 1819 902 1847 necesse
940 1812 1013 1847 est.
1071 1807 1178 1847 Nam
1209 1805 1407 1858 ingenium
1439 1805 1575 1859 populi
1604 1804 1746 1845 unius-

68 1871 258 1926 cujusque
287 1872 328 1912 in
359 1872 494 1925 lingua
524 1873 636 1927 quasi
666 1886 779 1914 suam
808 1873 934 1927 ipsius
963 1872 1175 1927 imaginem
1206 1871 1393 1926 exprimit
1421 1878 1542 1926 atque
1572 1871 1745 1924 effingit,

68 1952 146 1992 qua
175 1939 474 1981 accuratissime
504 1940 741 1989 declaretur,
772 1941 901 1995 qualis
931 1941 985 1981 sit
1014 1941 1138 1982 totius
1167 1939 1303 1993 populi
1332 1939 1489 1980 indoles
1519 1945 1638 1993 atque
1667 1952 1744 1979 na-

67 2011 169 2047 tura.
212 2006 268 2047 Et
297 2020 415 2060 quum
447 2020 582 2049 omnes
610 2009 758 2062 populi.
788 2015 999 2063 postquam
1031 2021 1057 2049 a
1087 2009 1171 2049 fera
1199 2013 1242 2048 et
1271 2007 1418 2060 agresti
1447 2007 1533 2048 vita
1561 2007 1613 2048 ad
1642 2019 1744 2055 eam,

68 2086 187 2127 quam
230 2074 386 2127 assequi
429 2082 618 2128 possunt,
663 2076 955 2117 humanitatem
1001 2082 1041 2116 et
1087 2076 1234 2116 cultum
1265 2081 1555 2128 pervenerunt,
1599 2074 1741 2115 deinde

68 2140 242 2182 moribus
271 2141 497 2195 viribusque
523 2143 718 2196 corruptis
748 2157 884 2184 rursus
914 2144 1116 2193 labantur,
1147 2148 1231 2184 tum
1261 2142 1302 2182 in
1331 2154 1513 2183 sermone
1533 2142 1637 2183 idem
1658 2141 1744 2182 fieri

68 2213 383 2250 consentaneum
427 2215 511 2259 est,
553 2216 600 2251 ut
642 2223 763 2264 quum
807 2224 832 2252 a
868 2211 956 2252 rudi
990 2210 1104 2252 initio
1142 2210 1194 2250 ad
1224 2222 1424 2250 summam
1453 2209 1738 2262 perfectionem

67 2275 264 2317 adductus
308 2282 389 2325 est,
432 2276 572 2318 deinde
606 2290 757 2319 morum
795 2278 999 2319 hominum
1030 2277 1294 2330 corruptelam
1323 2281 1515 2330 sequatur
1542 2275 1739 2318 sermonis

67 2343 312 2396 depravatio.
370 2343 505 2390 Quare
535 2357 655 2398 quum
686 2345 802 2386 valde
833 2345 1043 2386 dissimiles
1073 2345 1157 2386 sint
1185 2357 1273 2398 quae
1303 2344 1471 2385 diversis
1491 2343 1739 2402 temporibus

66 2410 266 2451 exsistunt
309 2411 504 2452 sermonis
549 2413 704 2461 formae,
748 2412 810 2452 hae
839 2418 975 2453 tamen
1006 2425 1142 2453 omnes
1172 2424 1249 2452 uno
1279 2417 1416 2452 tenore
1445 2412 1546 2452 fiant
1573 2415 1738 2452 necesse

66 2483 128 2518 est
157 2477 458 2532 arctissimoque
486 2478 592 2520 inter
619 2492 661 2520 se
692 2479 848 2521 vinculo
879 2479 1175 2529 contineantur,
1205 2478 1350 2533 quippe
1370 2491 1532 2532 quarum
1555 2478 1739 2519 modera-

67 2543 148 2586 trix
175 2545 232 2586 sit
258 2544 384 2598 ipsius
414 2546 550 2599 populi
578 2546 731 2587 indoles
761 2552 881 2601 atque
911 2547 1057 2600 ingenii
1085 2547 1159 2588 vis.
1218 2546 1310 2587 Nisi
1330 2551 1464 2587 autem
1484 2546 1588 2587 hanc
1607 2550 1738 2586 totam

66 2611 207 2653 seriem
251 2612 560 2655 consideraverit
602 2614 744 2668 aliquis
788 2620 908 2668 atque
951 2613 1222 2668 perspexerit,
1256 2613 1342 2654 fieri
1371 2626 1450 2654 non
1480 2612 1650 2667 poterit,
1693 2618 1740 2654 ut

68 2677 210 2732 linguae
238 2679 319 2721 vim
349 2685 391 2721 et
420 2686 603 2723 naturam
633 2687 740 2737 recte
769 2681 983 2735 intelligat.

176 2746 232 2787 Iis
260 2746 402 2800 igitur,
445 2749 512 2802 qui
549 2748 693 2802 linguae
722 2749 859 2790 latinae
888 2750 1071 2799 student,
1115 2748 1250 2790 omnia
1278 2761 1365 2802 quae
1395 2748 1446 2788 ad
1475 2747 1551 2788 hoc
1580 2752 1738 2800 tempus

67 2820 370 2866 permanserunt
411 2815 497 2868 ejus
542 2822 796 2858 monumenta
838 2817 1108 2870 percensenda
1141 2822 1254 2864 sunt,
1297 2816 1331 2856 si
1361 2815 1536 2856 futurum
1566 2820 1650 2864 est,
1693 2819 1740 2855 ut

68 2879 304 2934 intelligant,
334 2882 462 2936 qualis
493 2883 613 2924 fuerit
640 2884 777 2937 lingua
804 2897 1040 2938 unaquaque
1068 2888 1207 2933 aetate,
1231 2889 1272 2924 et
1293 2896 1373 2936 qua
1392 2882 1547 2924 ratione
1568 2894 1738 2923 consue-

68 2947 164 2988 tudo
185 2947 370 3002 loquendi
397 2955 555 2992 mutata
582 2951 648 2992 sit.
708 2950 802 2998 Qua
830 2952 879 2992 de
909 2965 1030 2993 causa
1053 2951 1153 2992 inid
1174 2963 1330 3004 semper
1348 2950 1611 2990 incubuerunt
1630 2948 1738 2990 docti

70 3013 160 3064 viri,
187 3020 233 3056 ut
260 3029 482 3058 sermonem
510 3018 753 3072 singulorum
783 3019 1021 3072 scriptorum
1052 3018 1339 3072 perscrutando
1369 3030 1437 3058 eos
1457 3016 1572 3071 quasi
1591 3016 1736 3070 gradus

70 3088 367 3134 cognoscerent,
395 3085 538 3138 quibus
568 3085 833 3144 processisset
861 3086 998 3140 lingua
1026 3085 1166 3128 latina.
1209 3085 1348 3139 Neque
1377 3084 1426 3125 iis
1456 3083 1584 3126 solum
1609 3083 1738 3138 scrip-

70 3147 221 3190 toribus
249 3151 507 3202 studuerunt‚
537 3166 701 3207 quorum
729 3166 853 3197 aurea
881 3154 999 3208 vulgo
1028 3160 1130 3196 aetas
1160 3152 1401 3203 nominatur,
1431 3157 1474 3194 et
1509 3164 1607 3206 quos
1640 3163 1738 3193 con-

1536 3220 1554 3259 l
