2106 3658
398 399 446 434 16
1054 392 1093 429 0.
1124 392 1168 428 A.
1198 392 1342 428 Brolen.

505 507 784 554 Immorari,
827 518 904 545 vox
934 517 1014 556 urg.
1046 504 1197 552 aetatis,
1225 503 1328 545 Cels.
1359 505 1443 552 ΙΙΙ,
1477 504 1520 543 ll
1554 503 1618 544 fin.
1648 503 1829 545 absolute
1859 504 2028 557 positum

403 576 536 628 ltaque
564 574 600 614 ei
626 570 848 613 remissioni
875 570 1111 610 credendum
1139 575 1214 618 est,
1243 583 1330 624 quoe
1357 570 1475 610 etiam
1502 569 1760 618 immoratur,-
1789 582 1875 611 cum
1897 569 2030 611 dativo

397 640 493 687 vll,
521 640 575 679 20
603 651 641 690 p.
672 638 769 683 301,
799 635 895 675 med.
925 635 1030 690 quod
1056 634 1215 689 repulsa
1244 635 1463 686 (intestina)
1505 634 1735 690 inquinibus
1761 635 2029 676 immorentur.

503 700 875 758 Improbabilis,
918 713 1004 753 quse
1033 714 1110 741 vox
1138 707 1323 753 argentea
1353 701 1507 741 demum
1537 706 1655 742 aetate
1682 701 1861 754 usurpari
1891 706 2032 753 coepta

393 778 471 818 est,
515 770 615 810 Cels,
645 769 663 808 I
694 780 863 820 prooem.
894 779 933 819 p.
962 766 1003 815 5,
1032 763 1084 807 27
1128 764 1176 807 Si
1203 767 1374 808 rationes
1401 766 1513 822 sequi
1552 765 1662 815 velit,
1703 766 1878 808 omnium
1914 779 2032 822 posse

392 835 519 877 videri
545 847 622 874 non
649 830 937 890 improbabiles.

498 900 528 940 Ι
533 912 801 946 nav-escere
833 898 1058 950 posterioris
1074 898 1205 938 aetatis
1222 898 1396 947 verbum,
1417 899 1519 950 apud
1542 897 1700 939 Celsum
1721 899 1836 939 valde
1857 899 2032 951 frequens

392 972 465 1007 est.
521 964 851 1010 Exarescere,
881 976 955 1016 quo
983 965 1105 1005 verbo
1133 964 1273 1005 Cicero
1303 971 1344 1004 et
1372 964 1505 1005 Caesar
1533 969 1717 1012 utuntur,
1746 977 1823 1005 uno
1845 964 1928 1005 loco
1950 964 2031 1013 VI,

390 1032 428 1080 6,
459 1033 477 1072 l
510 1029 668 1084 p.227,
700 1029 762 1070 19.
792 1028 980 1071 Arescere
1009 1043 1212 1083 nusquam.

498 1094 1027 1150 Incomprehensibilis
1069 1109 1147 1136 uno
1190 1095 1275 1136 loco
1319 1099 1381 1135 est
1414 1095 1432 1135 I
1462 1107 1632 1147 prooem.
1661 1107 1699 1148 p.
1728 1093 1772 1143 6,
1799 1096 1839 1136 2.
1897 1092 2031 1146 Quum

389 1163 512 1218 ἱρέων·
530 1160 599 1202 illa
618 1162 786 1209 incerta,
814 1161 1216 1216 incomprehensibilis
1244 1161 1306 1201 sit.
1357 1161 1600 1201 Posteriores
1619 1161 1752 1214 script.
1774 1161 1849 1202 hoc
1866 1162 2030 1202 verbum

392 1229 547 1268 habent.
603 1225 1081 1282 Comprelzensibilis
1109 1228 1130 1268 Ι
1164 1239 1335 1280 prooem.
1373 1240 1412 1279 p.
1445 1226 1492 1274 5,
1521 1227 1570 1267 21
1602 1228 1790 1282 quoniam
1818 1240 1899 1268 non
1925 1239 2032 1266 eom-

382 1292 656 1348 prehensibilis
684 1299 829 1333 natura
857 1293 907 1333 sit
916 1308 930 1341 ,-
958 1306 1044 1346 quae
1074 1306 1150 1333 vox
1178 1293 1297 1334 etiam
1327 1292 1556 1346 posterioris
1586 1293 1795 1334 latinitatis
1819 1298 1900 1341 est,
1925 1305 2032 1346 prae-

387 1367 564 1412 terquam
593 1360 695 1413 quod
725 1359 861 1399 Cicero
892 1359 1018 1400 Acad.
1042 1360 1078 1408 1,
1100 1360 1162 1408 ll,
1181 1360 1231 1400 41
1256 1372 1304 1400 ea
1322 1359 1456 1408 utitur,
1485 1364 1531 1400 ut
1558 1364 1688 1400 vertat
1711 1371 1876 1412 graecum
1897 1372 2029 1400 κατα-

388 1424 557 1480 ληπτόν.

495 1491 527 1532 I
530 1490 809 1532 ndisoretus
838 1491 912 1539 IV,
941 1489 967 1531 6
996 1491 1047 1532 in.
1077 1491 1258 1546 quamvis
1285 1491 1417 1531 minus
1446 1490 1638 1532 subtiliter
1651 1491 1817 1546 quidam
1835 1489 2031 1534 indime-

386 1558 436 1598 tis
463 1557 525 1598 his
551 1555 774 1598 nominibus
801 1563 975 1598 utuntur.
1031 1557 1182 1598 Praeter
1223 1557 1443 1597 Varronem
1478 1558 1708 1611 posterioris
1745 1557 1876 1598 aetatis
1904 1557 2031 1611 scrip-

386 1631 492 1665 tores
521 1624 595 1664 hoc
624 1623 784 1663 verbum
814 1623 982 1682 habent:

493 1689 818 1730 Indurescere
846 1688 984 1745 (Ovid.
1013 1695 1054 1730 et
1083 1701 1162 1741 arg.
1192 1694 1256 1730 aet.
1287 1688 1519 1744 scriptores)
1562 1690 1670 1742 apud
1713 1689 1868 1730 Celsum
1912 1701 2029 1742 saepe.

388 1755 644 1796 Indurare
672 1754 776 1810 (Cic.
806 1755 945 1807 fragm.
965 1755 1054 1796 Liv.
1075 1754 1149 1795 Ov.
1170 1753 1424 1810 posteriores)
1453 1756 1604 1796 duobus
1633 1755 1750 1797 locis:
1780 1767 1859 1796 uno
1881 1755 2031 1796 transi-

388 1823 473 1862 tiva
502 1821 540 1861 vi
569 1822 622 1869 V,
655 1820 716 1868 18,
744 1821 797 1861 35
826 1827 1043 1876 ceterosque
1083 1819 1270 1862 articulos
1311 1820 1519 1862 induratos
1550 1821 1621 1862 Ῐιοσ
1647 1819 1863 1870 molliebat,
1906 1821 2030 1862 altero

385 1887 642 1928 intransitiva
669 1887 722 1935 V,
752 1886 817 1935 28,
845 1886 871 1928 9
901 1888 966 1927 fin.
995 1886 1064 1928 ubi
1091 1894 1185 1927 aetas
1212 1886 1440 1936 induravit,
1468 1901 1517 1928 ne
1543 1887 1720 1928 nascitur
1737 1886 1896 1942 quidem
1911 1885 2030 1942 (phy-

386 1956 487 2006 ma).
546 1953 674 1993 Klotz.
703 1952 742 1992 in
775 1953 900 1993 lexico
928 1966 1046 1993 unum
1083 1954 1209 1993 locum
1239 1953 1357 1993 affert
1384 1953 1561 2006 Vegetii,
1589 1954 1656 1994 ubi
1684 1954 1849 1993 intrans.
1878 1953 1918 1992 vi
1947 1952 2031 1994 haeo

385 2032 462 2059 vox
491 2025 682 2072 usurpata
708 2018 774 2059 sit.
831 2017 947 2064 Quod
977 2019 1172 2060 veteribus
1200 2018 1384 2059 usitatius
1413 2025 1475 2060 est
1502 2019 1754 2061 obdurescere
1773 2018 1912 2060 Celsus
1931 2031 2031 2059 nus-

385 2098 499 2138 quam
531 2085 662 2125 habet.

492 2149 552 2191 In
551 2150 769 2207 sectare,
799 2164 878 2205 qua
906 2163 1000 2191 voce
1027 2156 1191 2192 utuntur
1219 2150 1334 2192 Ovid.
1357 2156 1398 2192 et
1417 2151 1626 2204 scriptores
1647 2151 1897 2205 posteriores,
1925 2150 2029 2192 Cels.

386 2217 607 2270 frequenter
634 2223 817 2269 usurpat,
859 2222 908 2258 ut
935 2217 1035 2257 idem
1066 2216 1260 2269 significet
1288 2222 1408 2271 atque
1435 2215 1640 2275 affliyere,
1668 2217 1825 2267 laedere,
1853 2217 1962 2258 velut
1989 2217 2030 2265 1,

385 2284 410 2323 3
439 2295 477 2336 p.
511 2283 573 2330 19,
607 2283 654 2322 13
682 2282 795 2324 dolor
817 2282 1046 2338 proecordia
1074 2283 1247 2340 infestat.

491 2348 844 2391 Inhorrescere
870 2349 1007 2391 Celsus
1035 2362 1142 2402 saepe
1172 2349 1311 2397 habet,
1340 2355 1386 2390 ut
1413 2355 1539 2403 poetae
1568 2355 1610 2391 et
1637 2349 1874 2403 posteriores
1901 2347 2029 2403 scrip-

385 2422 506 2456 tores.

491 2479 696 2536 Injuria
724 2481 827 2534 apud
856 2480 1014 2522 Celsum
1043 2480 1071 2521 i.
1099 2494 1132 2522 s.
1162 2494 1200 2535 q.
1229 2481 1370 2522 vitium
1387 2481 1586 2537 eorporis,
1615 2479 1788 2522 morbus.
1817 2480 1838 2521 1
1857 2491 2026 2533 prooem.

386 2559 425 2599 p.
457 2546 519 2594 10,
553 2546 601 2587 19
629 2559 750 2601 eaque
771 2560 850 2602 per
875 2559 915 2587 se
943 2560 1019 2587 non
1049 2552 1176 2595 tanta,
1218 2553 1260 2587 ut
1288 2547 1477 2588 concitent
1502 2546 1704 2596 morbum,
1745 2552 1874 2587 tamen
1907 2545 2029 2587 obno-

384 2611 495 2652 xium
522 2612 650 2667 mayis
677 2611 769 2653 aliis
797 2611 957 2668 injuriis
984 2626 1126 2668 corpus
1155 2611 1341 2670 efficiant.
1371 2614 1433 2662 II,
1456 2614 1507 2654 10
1533 2627 1572 2666 p.
1600 2612 1667 2661 54,
1700 2611 1761 2653 19.
1789 2612 1908 2660 VIII,
1926 2613 2026 2654 210.

385 2678 508 2726 vm,
536 2677 563 2718 9
590 2691 628 2730 p.
656 2678 750 2727 343,
781 2679 844 2719 10.
900 2678 1092 2720 Similiter
1132 2678 1183 2719 de
1224 2678 1340 2720 rebus
1381 2679 1457 2720 hac
1497 2691 1594 2720 voce
1638 2678 1698 2720 usi
1730 2682 1823 2719 sunt
1850 2690 1930 2730 arg.
1959 2684 2026 2719 aet.

384 2744 606 2796 scriptores.

493 2809 755 2851 Inneetere
791 2809 957 2866 (poetae,
985 2808 1240 2865 posteriores)
1268 2810 1309 2851 V
1337 2821 1507 2863 prooem.
1535 2822 1669 2851 omnes
1695 2808 1902 2851 medicina
1921 2821 2029 2863 par-

385 2879 440 2915 tes
467 2875 523 2915 ita
550 2875 704 2916 inneoeoe
730 2882 842 2925 sunt,
881 2882 927 2916 ut
962 2889 1011 2917 εκ
1038 2882 1115 2917 toto
1142 2875 1328 2931 separari
1353 2889 1431 2916 non
1457 2874 1620 2930 possint.
1663 2875 1738 2923 IV,
1768 2875 1787 2915 1
1819 2875 1886 2916 fin.
1930 2875 2026 2923 VII,

388 2939 438 2979 18
467 2953 505 2993 p.
533 2940 626 2989 295,
653 2939 719 2982 27.

493 3005 687 3056 Insido,
715 3020 794 3048 vox
821 3013 1026 3061 poetarum
1054 3011 1096 3049 et
1123 3007 1379 3060 posteriorum
1407 3007 1562 3061 script„
1595 3006 1701 3059 apud
1738 3005 1898 3047 Celsum
1925 3006 2025 3048 sutis

388 3071 574 3124 frequens.

494 3135 778 3192 Inspirare,
808 3152 885 3180 vox
914 3153 995 3193 arg.
1025 3139 1178 3189 aetatis,
1206 3139 1309 3181 Cels.
1338 3134 1523 3189 V11‚2⁷
1550 3151 1588 3192 p.
1617 3137 1712 3187 314,
1740 3137 1795 3179 30
1832 3135 1904 3178 Ex
1930 3136 2025 3193 qui-
