2106 3658
543 333 596 368 De
624 332 835 369 elocutione
863 330 908 368 A.
939 330 1100 368 Cornelii
1128 330 1236 368 Celsi.
1708 331 1732 366 3

61 452 162 492 bans
191 461 422 502 summaque
450 448 568 489 laude
596 453 801 490 auctorem
829 449 1012 489 efferens.
1072 446 1207 494 Quum
1238 451 1371 488 autem
1399 445 1449 487 de
1477 445 1612 495 libris,
1642 446 1735 500 qui-

61 519 133 560 bus
161 530 243 558 rem
273 516 484 558 militarem
515 516 728 565 tractavit,
758 516 855 557 nihil
886 517 965 557 fere
993 515 1319 569 cognoverimus,
1347 526 1474 568 neque
1504 526 1555 554 ex
1583 513 1632 554 iis
1662 526 1735 554 ce-

60 592 234 627 terorum
278 584 465 624 librorum
498 583 747 636 fragmentis,
791 595 879 638 quae
915 582 1222 624 commemoravi
1258 581 1364 636 apud
1393 581 1494 622 alios
1521 581 1735 635 scriptores

58 651 241 700 inveniri,
269 651 318 691 de
348 650 571 691 elocutione
601 650 709 692 Celsi
739 651 933 704 conjicere
963 651 1105 700 liceat,
1136 650 1252 691 nobis
1282 663 1334 690 ex
1362 649 1442 690 illis
1471 648 1540 703 qui
1569 654 1737 690 exstant

58 721 107 761 de
137 718 334 760 medicina
357 718 467 759 libris
493 717 752 770 judicandum
783 724 865 767 est,
895 718 1004 772 quali
1031 731 1128 759 usus
1156 718 1211 758 sit
1229 717 1429 759 scribendi
1449 729 1604 770 genere.
1633 715 1734 763 Quae

58 799 177 841 quum
205 786 267 826 ita
294 786 399 834 sint,
428 791 645 839 antequam
675 786 723 826 de
753 785 975 827 elocutione
1005 785 1110 828 Celsi
1140 778 1293 835 dicafn,
1321 785 1371 826 de
1401 789 1635 838 argumento
1658 784 1735 824 ho-

59 867 146 896 rum
175 853 364 894 librorum
395 853 528 906 aliqua
557 853 782 906 disputabo,

167 954 370 996 Medicina
397 954 518 1008 igitur
546 967 666 1008 quum
697 954 804 1008 apud
833 954 1039 995 Romanos
1068 952 1294 1008 antiquitus
1324 959 1430 994 esset
1449 951 1636 1001 exercita,
1664 965 1734 993 ru-

58 1022 120 1064 dis
164 1022 373 1063 etiamtum
418 1021 624 1075 multaque
667 1028 708 1063 et
750 1021 863 1062 varia
891 1021 1178 1074 superstitione
1193 1020 1385 1088 imbuta,
1416 1025 1461 1061 ut
1489 1019 1623 1060 omnia
1654 1020 1734 1061 fere

57 1091 279 1132 litterarum
322 1102 466 1143 genera
502 1102 630 1143 neque
661 1089 713 1130 ad
743 1088 843 1130 artis
874 1095 916 1130 et
944 1087 1190 1141 disciplinae
1193 1071 1504 1128 similitudinem
1542 1087 1734 1137 accessit,

58 1171 184 1212 neque
215 1157 339 1198 ullum
371 1156 500 1209 majus
530 1156 637 1209 cepit
665 1157 970 1204 incrementum,
1013 1163 1231 1209 antequam
1261 1160 1533 1208 cognoverunt
1560 1155 1735 1196 Romani

56 1225 207 1279 sibique
236 1229 539 1278 assumpserunt
569 1237 638 1274 ea,
669 1237 756 1278 quae
786 1237 811 1264 a
840 1222 992 1265 Graecis
1022 1229 1138 1264 erant
1166 1223 1208 1263 in
1239 1223 1314 1263 hae
1345 1228 1431 1263 arte
1462 1223 1621 1263 effecta.
1679 1222 1736 1263 Hi

56 1291 159 1333 enim
204 1304 282 1332 non
326 1291 367 1332 in
411 1290 609 1332 medicina
651 1291 780 1332 minus
824 1303 943 1345 quam
986 1290 1027 1331 in
1071 1290 1216 1331 ceteris
1248 1291 1328 1330 fere
1356 1290 1510 1330 artibus
1539 1290 1736 1331 Romanis

56 1359 180 1400 multo
209 1359 459 1413 praestabant
488 1358 623 1399 multis
653 1364 773 1413 atque
801 1357 1006 1412 praeclaris
1036 1357 1155 1398 rebus
1184 1357 1283 1398 scite
1312 1357 1484 1398 inventis
1505 1357 1735 1410 diligenter-

56 1440 130 1481 que
159 1426 391 1480 exscriptis,
420 1439 609 1480 quarum,
639 1433 851 1480 postquam
883 1426 1215 1479 frequentabatur
1244 1424 1370 1478 magis
1399 1425 1504 1466 inter
1533 1425 1632 1466 duos
1660 1437 1735 1479 po-

55 1494 170 1547 pulos
200 1493 501 1542 commercium,
532 1492 663 1534 Graeci
695 1493 834 1534 medici
863 1493 1036 1534 Romam
1066 1492 1294 1534 attulerunt
1323 1492 1598 1545 cognitionem.
1642 1492 1735 1533 Pri-

56 1575 143 1602 mus
171 1568 303 1602 autem
334 1573 467 1602 eorum
498 1561 671 1601 traditur
700 1560 822 1601 fuisse
850 1559 1135 1613 Archagathus
1166 1560 1347 1614 quidam,
1377 1573 1492 1614 quem
1515 1572 1620 1601 anno
1638 1567 1733 1601 ante

55 1628 150 1670 Chr.
179 1627 262 1670 219
290 1628 462 1669 Romam
492 1628 649 1668 venisse
679 1627 827 1668 dicunt.
884 1627 1027 1682 Neque
1055 1633 1192 1668 tamen
1219 1627 1311 1669 huic
1332 1627 1516 1680 contigit,
1548 1634 1593 1668 ut
1613 1627 1733 1668 Grae-

55 1708 188 1737 corum
220 1695 456 1737 medicinam
485 1695 683 1737 Romanis
714 1695 1030 1744 commendaret,
1072 1708 1198 1749 neque
1236 1695 1396 1735 omnino
1425 1694 1647 1748 peregrinae
1675 1694 1736 1735 illi

57 1763 136 1804 arti
166 1763 282 1804 facile
313 1763 447 1803 aditus
476 1763 623 1816 patuit.
680 1763 788 1806 Nam
818 1776 895 1803 non
926 1763 1161 1812 defuerunt,
1201 1762 1266 1816 qui
1295 1767 1368 1803 aut
1396 1767 1506 1803 metu
1535 1769 1607 1803 aut
1636 1775 1734 1803 con-

56 1835 214 1884 temptu
256 1835 297 1871 et
340 1830 430 1871 odio
474 1829 584 1871 ducti
627 1842 783 1870 summo
814 1842 932 1883 opere
962 1830 1204 1879 niterentur,
1246 1836 1294 1871 ut
1320 1829 1495 1870 Romani
1525 1829 1735 1883 peregrina

55 1897 124 1938 illa
167 1898 375 1951 aspernati
417 1895 466 1938 iis
502 1903 723 1947 uterentur,
767 1910 852 1950 quae
880 1896 957 1950 ipsi
988 1897 1039 1938 ad
1070 1898 1266 1939 curandos
1295 1897 1454 1938 morbos
1483 1896 1734 1939 invenerant.

57 1965 169 2006 Inter
197 1978 266 2005 eos
296 1969 452 2014 autem,
497 1964 563 2018 qui
593 1964 671 2006 arti
701 1978 726 2005 a
755 1963 907 2006 Graecis
936 1964 1071 2006 allatae
1101 1965 1358 2013 restiterunt,
1400 1964 1641 2018 praecipuum
1672 1965 1734 2006 lo-

57 2045 144 2073 cum
174 2038 284 2073 tenet
312 2031 438 2081 cato,
466 2032 680 2074 acerrimus
708 2032 774 2073 ille
805 2032 924 2086 patrii
953 2032 1074 2072 moris
1104 2033 1302 2082 defensor,
1332 2037 1474 2073 contra
1501 2031 1734 2073 Graecorum

57 2100 304 2141 obtrectator
331 2099 623 2140 acerbissimus.
681 2100 805 2153 Cujus
826 2100 952 2140 verba
972 2100 1094 2141 affert
1113 2100 1268 2141 Plinius
1287 2097 1346 2156 ¹):
1376 2099 1634 2153 «quandoque
1654 2100 1735 2141 ista

56 2180 154 2220 gens
184 2165 457 2223 (Graecorum)
486 2180 579 2207 suas
609 2166 764 2208 litteras
794 2167 928 2216 dabit,
960 2168 1092 2208 omnia
1122 2174 1365 2220 corrumpet3
1395 2173 1482 2208 tum
1502 2167 1624 2208 etiam
1645 2180 1734 2207 ma-

56 2234 132 2288 gis,
174 2234 209 2274 si
252 2233 426 2274 medicos
469 2247 561 2274 suos
605 2234 683 2275 huc
726 2234 872 2275 mittet.
930 2234 1130 2276 Jurarunt
1158 2235 1265 2275 inter
1293 2248 1336 2275 se
1366 2235 1561 2276 barbaros
1592 2247 1733 2276 necare

58 2314 193 2342 omnes
223 2299 443 2350 medicina,
472 2307 515 2342 et
543 2301 618 2342 hoc
647 2301 775 2355 ipsum
805 2301 985 2342 mercede
1017 2302 1191 2350 faciunt,
1234 2307 1281 2342 ut
1309 2302 1407 2343 fides
1436 2302 1485 2342 iis
1513 2302 1569 2342 sit
1599 2307 1641 2343 et
1670 2302 1734 2343 fa-

57 2369 132 2410 cile
162 2368 431 2422 disperdant.»
458 2368 551 2422 Ipse
572 2374 706 2410 autem
726 2368 830 2411 Cato
850 2368 951 2409 satis
972 2375 1110 2423 aperte
1130 2369 1326 2418 declarat,
1355 2369 1484 2423 qualis
1505 2369 1625 2410 fuerit
1643 2382 1734 2410 ver-

58 2435 204 2478 nacula
231 2435 302 2476 illa
330 2434 548 2485 medicina,
590 2448 708 2490 quum
745 2435 785 2477 in
824 2435 958 2485 libris,
1002 2449 1100 2490 quos
1137 2436 1186 2477 de
1217 2450 1259 2477 re
1290 2436 1443 2478 rustica
1467 2429 1733 2497 qpnscripsit‚

57 2502 382 2558 superstitionum
414 2503 870 2558 medicamentorumque
900 2504 1141 2545 mentionem
1172 2504 1289 2554 facit,
1333 2502 1490 2558 quibus*
1492 2490 1734 2545 'hominibus

57 2575 98 2612 et
139 2570 274 2625 pecori
317 2570 485 2611 salutem
529 2571 723 2624 petebant
763 2570 930 2624 antiqui.
999 2572 1141 2626 Neque
1178 2583 1271 2612 vero
1309 2571 1349 2612 in
1380 2571 1458 2613 hac
1490 2577 1577 2612 arte
1607 2571 1734 2625 magis

57 2650 173 2692 quam
202 2638 242 2679 in
273 2637 413 2679 ceteris
443 2638 524 2678 fere
553 2638 736 2680 omnibus
764 2637 940 2680 Romani
968 2638 1201 2693 elegantiori
1232 2637 1463 2681 Graecorum
1488 2639 1734 2680 humanitati

57 2711 178 2760 atque
221 2704 412 2746 doctrinae
453 2705 640 2746 resistere
684 2711 920 2760 potuerunt,
962 2707 1032 2747 sed
1075 2706 1245 2760 cognitis
1274 2707 1400 2760 magis
1429 2706 1633 2761 magisque
1662 2706 1734 2757 iis,

59 2785 146 2829 quae
175 2771 306 2815 Graeci
335 2771 676 2826 excogitaveram,
707 2773 955 2827 peregrinam
1000 2773 1237 2816 medicinam
1276 2780 1590 2828 assumpserunt.
1646 2774 1734 2816 Ve-

60 2845 204 2882 nerunt
230 2839 403 2881 Romam
434 2839 671 2882 nobilissimi
692 2841 856 2891 medici,
886 2841 953 2895 qui
973 2854 1121 2894 magna
1146 2841 1339 2883 felicitate
1361 2847 1403 2883 et
1421 2854 1576 2883 summo
1596 2841 1733 2896 populi

59 2919 226 2962 assensu
242 2912 370 2948 artem
389 2907 644 2949 exercebant.
680 2909 737 2950 Et
755 2908 895 2951 Celsus
915 2907 1075 2962 quidem
1096 2914 1237 2951 auctor
1256 2915 1318 2951 est
1337 2908 1399 2965 (in
1420 2908 1622 2962 prooemio
1642 2909 1734 2951 libri

59 2971 188 3027 prinfi,
216 2973 330 3015 initio
359 2987 447 3036 pag:
463 2972 512 3031 3)
530 2974 585 3030 ²),
613 2988 687 3030 per
714 2976 1020 3030 Asclepiadem,
1051 2976 1347 3018 celeberrimum
1376 2976 1587 3027 medicum,
1615 2989 1731 3031 quem

125 3093 135 3118 1
218 3097 228 3106 .

87 3146 94 3157 ⁸
120 3097 153 3200 ’ζ
180 3097 690 3194 fnmdoczatCelff’agl'ergiildis
718 3157 975 3206 Darembergii
1003 3158 1205 3196 editionem
1240 3158 1356 3206 (Lips.
1386 3158 1568 3197 Teubner.
1604 3160 1730 3206 1859)
