2106 3658
616 379 671 420 De
700 380 908 421 elocutione
937 383 984 421 A.
1014 381 1174 421 Cornelii
1202 380 1309 420 Celsi.
1755 384 1807 422 45

129 498 305 553 positum
347 503 410 540 est
449 495 675 554 (argenteae
701 504 770 542 aet.
797 499 959 556 script.)
1003 499 1111 550 VII,
1142 498 1195 542 15
1223 512 1263 554 p.
1293 496 1388 548 292,
1419 498 1471 542 18
1499 512 1547 541 ea
1571 512 1695 557 pars,
1724 514 1813 557 quoe

126 568 240 608 intra·
265 568 371 620 (est).

240 631 309 675 Ob
337 632 384 674 id
413 645 484 686 pro
512 632 602 675 ideo
645 634 731 684 111,
769 635 824 675 22
853 647 891 688 p.
924 634 999 675 111
1032 635 1099 676 fin.
1144 635 1249 684 VII,
1283 636 1347 684 12,
1375 634 1403 676 4
1430 634 1485 676 in.
1529 634 1660 683 VIII,
1693 635 1744 677 18
1771 649 1811 689 p.

129 700 211 742 295
240 701 306 741 fin.
340 701 445 750 VII,
474 699 541 749 26,
570 702 596 741 3
625 702 692 742 fin.
737 702 863 750 VIII,
892 702 918 742 3
948 715 984 754 p.
1013 702 1110 750 331,
1138 698 1205 743 27.
1263 701 1324 745 Ob
1351 701 1397 743 id
1425 702 1560 757 ipmm
1587 702 1687 751 VII,
1716 702 1756 751 4,
1784 703 1813 744 4

126 768 180 809 in.
212 768 335 816 VIII,
369 769 383 807 Ι
429 781 468 821 p.
500 768 584 809 324
612 768 666 810 in.
724 767 783 810 Ob
812 768 893 810 laeaec
921 769 943 810 I
973 781 1145 822 prooem.
1175 783 1212 823 p.
1241 769 1290 818 8,
1320 766 1360 811 7.
1404 770 1486 819 ΙΙΙ,
1516 769 1543 809 5
1571 782 1609 823 p.
1638 769 1714 819 83,
1743 771 1811 811 21.

128 833 190 877 Ob
218 849 309 891 quoe
338 835 359 875 Ι
389 848 563 888 prooem.
595 849 633 889 p.
667 837 732 885 12,
761 835 827 878 27.
872 836 957 884 ΙΙΙ,
986 837 1042 877 24
1070 837 1137 878 fin.
1181 837 1238 886 V,
1267 837 1334 887 28,
1364 838 1391 878 2
1421 850 1460 890 p.
1490 836 1593 887 206,
1623 838 1690 879 32.
1748 837 1812 878 Ita

122 902 206 955 jam
237 902 329 943 iude
361 915 385 942 a
413 902 530 943 Livio
561 903 680 944 locuti
710 911 806 945 sunt
834 903 1076 945 recentiores
1106 904 1323 957 scriptores
1342 903 1395 959 ¹).

235 968 338 1011 Per
365 972 502 1010 omnia
530 971 555 1011 i.
585 986 624 1012 a.
661 971 706 1012 in
740 970 924 1012 omnibus
952 970 1092 1020 rebus,
1122 971 1284 1012 omnino
1317 972 1400 1019 111,
1429 971 1457 1012 4
1487 985 1523 1025 p.
1553 969 1608 1012 78
1636 971 1701 1012 fin.
1731 985 1810 1027 quo

125 1037 256 1092 mayis
283 1035 500 1086 falluntur,
529 1038 601 1094 qui
622 1052 701 1094 per
729 1039 864 1080 omnia
885 1037 1111 1094 jucundam
1139 1038 1223 1093 qius
1250 1037 1510 1095 ‹lism'plinam
1539 1053 1623 1080 esse
1645 1045 1808 1094 putant.

124 1103 213 1153 ΙΙΙ,
241 1104 267 1144 5
294 1117 335 1158 p.
366 1104 434 1152 83,
462 1104 516 1146 29
546 1112 589 1147 et
618 1107 684 1147 30.
730 1105 855 1156 VIII,
889 1106 909 1146 1
942 1119 981 1160 p.
1012 1104 1109 1153 328,
1138 1105 1208 1148 25.
1265 1106 1344 1147 Hic
1382 1120 1478 1147 usus
1515 1107 1621 1160 apud
1651 1106 1810 1147 Livium

128 1177 192 1212 est
220 1178 262 1213 et
291 1171 533 1225 posteriores
562 1173 701 1226 script.
719 1171 772 1228 ²).

234 1237 359 1280 Post
387 1238 433 1279 id
462 1253 534 1293 pro
558 1247 697 1296 postea
727 1240 833 1289 VII,
862 1240 916 1280 22
944 1239 1012 1281 fin.
1057 1238 1160 1281 Post
1188 1239 1270 1282 haec
1297 1240 1532 1294 saepissime.
1577 1239 1676 1282 Post
1703 1254 1806 1296 quoe,

125 1306 231 1360 quod
260 1306 420 1348 Celsum
451 1320 558 1361 saepe
587 1321 826 1361 usurpasse,
856 1308 957 1348 alios
989 1320 1065 1348 non
1096 1308 1216 1357 item,
1245 1308 1381 1348 Hand.
1411 1308 1587 1349 affirmat
1603 1310 1665 1364 ³),
1694 1308 1809 1349 inve-

126 1373 235 1414 nitur
264 1374 341 1422 IV,
371 1373 396 1414 5
426 1387 464 1428 p.
498 1374 590 1426 126,
621 1376 686 1416 33.
731 1375 808 1424 IV,
837 1374 863 1416 5
892 1375 960 1416 fin.
991 1374 1046 1425 V,
1074 1374 1142 1424 26,
1171 1375 1221 1416 31
1254 1375 1310 1416 in.
1339 1375 1392 1424 V,
1421 1372 1487 1424 27,
1516 1376 1542 1415 2
1571 1375 1625 1417 in.
1656 1376 1710 1424 V,
1739 1372 1808 1424 27,

129 1442 192 1482 12.
222 1442 299 1490 VI,
331 1442 382 1482 13
412 1442 480 1482 fin.

235 1507 363 1550 Proe.
423 1509 713 1551 Annotandum
758 1509 915 1550 videtur
953 1522 1063 1559 esse,
1107 1509 1211 1551 hanc
1240 1510 1476 1564 particulam
1508 1510 1614 1564 apud
1644 1509 1805 1551 Celsum

124 1588 201 1616 non
232 1576 402 1617 inveniri
433 1576 508 1617 nisi
537 1590 616 1618 uno
647 1578 735 1619 loco
764 1577 841 1626 VI,
870 1575 909 1624 6,
938 1577 992 1619 29
1021 1583 1057 1618 et
1084 1583 1200 1618 noctu
1229 1576 1366 1630 (oculi)
1401 1591 1490 1633 proe
1514 1577 1635 1632 yravi
1656 1576 1808 1633 pituita

122 1642 406 1693 iuhaerescunt3
434 1645 502 1686 ubi
531 1652 668 1686 tamen
700 1645 816 1686 credo
845 1651 952 1686 recte
981 1645 1185 1686 Ritterum
1213 1645 1384 1686 scribere
1407 1644 1626 1701 proeyravi.

234 1709 434 1752 Praeter
462 1710 544 1753 Itaec
572 1725 643 1765 pro
668 1719 864 1768 proeterea
893 1713 999 1765 apud
1030 1712 1185 1753 Celsum
1210 1712 1572 1766 frequentissimum
1595 1718 1667 1752 est.
1715 1711 1807 1753 Hac

126 1777 325 1820 locutione
355 1779 417 1819 usi
444 1785 542 1819 sunt
571 1785 699 1832 poetae
730 1779 999 1833 antiquissimi
1029 1786 1069 1820 et
1098 1779 1311 1833 scriptores
1341 1786 1544 1832 augusteae
1572 1778 1706 1820 aetatis
1723 1779 1778 1834 ⁴).

236 1844 340 1886 Pro
377 1846 618 1887 insolentius
648 1848 863 1901 apponitur
892 1847 1012 1887 verbo
1042 1846 1248 1888 metuendi
1275 1847 1362 1893 III,
1394 1847 1441 1888 11
1473 1847 1527 1887 in.
1556 1845 1810 1887 admovenda

117 1912 310 1969 partibus
337 1913 411 1962 iis,
438 1927 517 1968 pro
545 1913 691 1969 quibus
720 1913 957 1962 metuimus,
985 1913 1090 1955 sicca
1119 1920 1155 1955 et
1183 1913 1319 1955 calida
1345 1912 1535 1966 fomenta.

233 1978 369 2022 Sine.
428 1981 675 2022 Insolentius
706 1983 812 2035 apud
842 1982 1000 2023 Celsum
1033 1981 1232 2022 nonnullis
1263 1981 1358 2022 locis
1387 1981 1534 2022 dicitur
1561 1980 1648 2022 sine
1666 1978 1808 2020 volun-

123 2054 224 2088 tate:
252 2047 316 2096 ΙΙ,
343 2049 372 2090 4
400 2062 441 2102 p.
472 2049 527 2089 34
555 2049 609 2089 in.
640 2047 740 2090 mali
767 2049 887 2090 etiam
917 2047 1049 2090 morbi
1076 2048 1343 2090 testimonium
1378 2055 1435 2090 est
1463 2071 1516 2078 —
1545 2047 1631 2088 sine
1668 2046 1808 2087 volun-

123 2122 202 2156 tate
238 2113 463 2156 lacrimare.
508 2116 572 2164 II,
601 2112 628 2157 7
657 2130 696 2169 p.
726 2117 777 2157 41
810 2117 864 2157 in.
909 2116 965 2164 V,
994 2115 1062 2165 26,
1097 2113 1157 2157 17.
1202 2116 1332 2165 VIII,
1366 2116 1430 2158 13.
1473 2116 1600 2164 VIII,
1634 2114 1696 2156 14.
1755 2114 1804 2156 In

123 2182 262 2224 lexicis
294 2183 441 2223 nullum
473 2182 592 2235 hujus
621 2183 832 2224 locutionis
861 2183 1085 2236 exemplum
1117 2183 1284 2224 allatum
1316 2183 1412 2224 vidi.

236 2248 270 2290 S
279 2248 337 2290 ub
365 2256 556 2303 sequente
585 2250 766 2291 ablativo
797 2252 845 2291 de
875 2257 1052 2303 tempore
1082 2263 1172 2291 raro
1198 2250 1381 2304 usurpari
1400 2256 1654 2291 commonent
1672 2263 1807 2303 gram-

125 2316 275 2358 matici.
333 2316 456 2370 Apud
487 2316 648 2358 Celsum
679 2318 726 2360 fit.
753 2318 854 2359 satis
884 2330 1012 2370 saepe,
1042 2317 1151 2358 velut
1180 2318 1219 2366 I,
1249 2317 1275 2359 9
1305 2318 1359 2358 in.
1389 2316 1462 2357 sub
1492 2315 1647 2367 dolor-23
1683 2318 1748 2364 ΙΙ,
1778 2318 1805 2357 3

122 2384 190 2425 fin.
221 2382 294 2425 sub
313 2383 402 2441 fine
429 2382 560 2424 morbi
569 2399 584 2432 ,-
628 2385 714 2432 111,
748 2386 800 2426 12
828 2398 866 2438 p.
897 2383 953 2426 94
981 2384 1036 2425 in.
1073 2383 1146 2425 sub
1184 2385 1472 2440 exspectatione
1504 2384 1708 2439 proximae
1738 2398 1807 2424 ac-

121 2451 335 2498 cessioni35
376 2451 462 2499 III,
494 2450 546 2491 18
574 2464 615 2504 p.
648 2451 740 2501 100,
769 2453 825 2493 20
853 2449 926 2492 sub
955 2464 1115 2500 somno,·
1156 2452 1232 2501 IV,
1261 2451 1289 2492 5
1317 2464 1356 2504 p.
1392 2450 1481 2499 126,
1515 2451 1566 2492 14
1603 2449 1677 2492 sub
1702 2464 1805 2506 yra-

123 2518 285 2567 vedine5
317 2518 398 2566 VI,
429 2517 500 2567 18,
529 2517 558 2559 8
586 2517 659 2558 sub
688 2518 752 2560 liis
779 2517 1078 2568 curationibus,·
1106 2519 1212 2567 VII,
1245 2519 1297 2559 14
1325 2532 1366 2572 p.
1395 2517 1491 2566 290,
1520 2516 1576 2559 26
1604 2516 1678 2559 sub
1697 2517 1808 2559 omni

119 2571 253 2627 “calore
263 2601 278 2635 ,-
306 2586 403 2633 VII,
423 2585 477 2625 33
497 2586 564 2626 fin.
586 2584 660 2625 sub
678 2585 875 2641 ejusmodi
892 2586 1119 2635 curatione5
1147 2586 1266 2634 VIII,
1283 2586 1311 2626 4
1330 2599 1369 2639 p.
1390 2585 1484 2634 335,
1504 2585 1559 2625 24
1578 2583 1651 2626 sub
1667 2586 1807 2640 prima

121 2654 326 2694 curatione
333 2668 348 2702 ‚·
375 2652 505 2701 VIII,
537 2653 588 2693 10
617 2666 656 2706 p.
686 2653 782 2702 345,
816 2654 866 2694 13
894 2652 967 2694 sub
995 2650 1323 2709 inflammatione.
1382 2653 1483 2694 Tum
1515 2665 1608 2692 vero
1634 2650 1707 2692 sub
1725 2665 1805 2693 sae-

122 2719 283 2773 pissime
312 2726 529 2773 usurpatur
557 2719 606 2761 iis
635 2719 752 2771 locis,
790 2722 858 2762 ubi
888 2726 1097 2774 exspectes
1127 2720 1189 2761 vel
1219 2719 1439 2761 ablativum
1469 2718 1597 2760 solum
1619 2719 1679 2760 vel
1700 2719 1803 2760 alias

120 2788 423 2841 praepositiones
467 2787 552 2836 (in,
595 2801 707 2837 cum,
747 2792 863 2844 per),
907 2793 953 2829 ut
981 2787 1244 2840 significetur,
1287 2799 1365 2841 quo
1403 2786 1521 2828 modo
1556 2787 1619 2827 vel
1646 2799 1726 2840 qua
1753 2786 1802 2827 de

122 2854 422 2909 cousualiquid
451 2854 535 2896 fiat.
578 2854 711 2908 Hujus
740 2869 858 2905 usus,
888 2854 956 2910 qui
984 2854 1249 2908 posteriorum
1278 2853 1518 2908 scriptorum
1549 2859 1636 2901 est,
1665 2866 1804 2894 exem·
1831 2855 1836 2858 ’

123 2910 191 2975 plu
219 2923 411 2964 nonnulla
438 2922 618 2962 afferam.
661 2923 682 2964 I
712 2936 884 2977 prooem.
914 2935 953 2977 p.
982 2921 1029 2972 9,
1058 2922 1114 2963 30
1148 2920 1220 2963 sub
1255 2927 1434 2971 auctore,
1471 2926 1515 2961 ut
1557 2920 1639 2976 ipsi
1672 2919 1806 2962 videri

188 3041 215 3091 1)
244 3045 368 3082 Hand.
400 3057 429 3082 s.
460 3058 497 3082 v.
529 3057 619 3093 pag.
651 3046 748 3083 361.

182 3099 215 3148 ²)
245 3102 368 3140 Hand.
400 3115 429 3140 s.
461 3116 496 3140 v.
528 3116 617 3151 pag.
650 3104 746 3140 447.

185 3156 216 3206 ³)
246 3159 283 3196 S.
314 3174 350 3198 v.
381 3173 471 3209 pag.
504 3162 600 3198 495.

184 3215 216 3264 ⁴)
246 3218 369 3255 Hand.
401 3230 430 3256 s.
462 3232 498 3256 v.
530 3231 619 3268 pag.
654 3219 750 3256 542.
