2106 3658
604 378 656 414 De
685 379 892 417 elocutione
921 380 966 417 A.
997 379 1159 417 Cornelii
1187 379 1295 417 Celsi.
1740 381 1791 416 33

117 504 235 546 quam
281 504 358 534 non
402 498 513 532 recte
548 506 620 547 pro
656 507 781 536 causa.
810 496 1028 537 assumitur
1044 492 1098 550 ¹).
1157 495 1312 549 Saepius
1341 495 1380 536 in
1410 501 1578 550 utraque
1607 496 1794 537 enuntia-

114 559 225 602 tione
255 560 551 612 conjunctivum
582 562 731 615 posuit:
761 564 802 604 II
831 576 1004 616 prooem.
1035 561 1133 604 Non
1162 562 1272 618 quod
1299 576 1381 605 non
1409 563 1522 604 omni
1548 569 1723 618 tempore
1741 587 1794 594 -—

115 633 152 668 et
179 633 369 682 oeyrotent
396 633 432 668 et
460 629 701 678 moriantur,
731 630 800 671 sed
829 630 939 685 quod
956 629 1215 686 frequentius
1243 636 1376 672 tamen
1395 630 1584 686 quoedam
1602 631 1794 673 eveniant.

115 695 200 743 111,
230 695 257 735 2
285 707 324 748 p.
353 692 420 742 76,
449 694 504 735 28
547 695 647 738 Νοη
690 711 768 752 quo
809 711 890 738 non
931 696 1135 738 interdum
1168 697 1215 738 id
1250 697 1420 747 ineidat,
1463 697 1534 738 sed
1561 711 1639 754 quo
1668 697 1796 754 (quod

112 761 298 804 scribunt
325 762 478 814 Targa,
502 761 660 818 Ritter)
690 764 839 820 soepius
855 763 1005 819 fallat,
1033 763 1195 819 solaque
1229 763 1468 806 abstinentia
1497 765 1584 806 sine
1611 758 1692 806 ullo
1714 778 1792 821 pe-

112 826 243 870 riculo
283 828 502 870 medeatur.
530 831 615 879 III,
643 831 671 871 4
700 845 739 884 p.
768 831 844 880 81,
873 832 928 872 30
969 846 1051 873 non
1092 844 1171 887 quo
1213 832 1342 887 (quod
1370 833 1528 885 Targa,
1555 831 1685 886 Ritt.)
1713 845 1795 873 non

113 895 168 937 sit
207 895 414 938 interdum
455 897 656 939 maturius
685 898 797 940 cibus
825 898 987 940 dandus
1015 923 1088 947 —-,
1130 898 1202 940 sed
1230 912 1308 954 quo
1336 899 1463 954 (quod
1491 900 1636 952 Targa,
1665 897 1794 955 Ritt.)

111 961 259 1005 seilicet
285 977 410 1018 quam
437 964 652 1006 sanissimo
679 965 776 1007 dari
802 966 952 1007 debeat.
982 967 1087 1015 VII,
1115 966 1157 1014 4,
1186 967 1212 1006 3
1241 979 1322 1007 non
1349 980 1428 1022 quo
1449 966 1720 1021 pemioiosior
1735 965 1796 1008 ibi

113 1030 184 1079 sit,
226 1031 296 1072 sed
338 1045 418 1086 quo
458 1030 576 1073 alteri
611 1032 792 1087 periculo
824 1032 954 1074 locum
973 1033 1122 1088 faciat.
1151 1033 1255 1082 VH,
1288 1033 1340 1075 16
1369 1034 1423 1075 in.
1452 1047 1533 1075 non
1560 1033 1668 1089 quod
1696 1034 1793 1090 (quo

112 1096 242 1153 Bitt.)
269 1104 377 1138 certa
392 1098 554 1153 fiducia
584 1100 655 1148 sit,
682 1101 753 1142 sed
780 1101 888 1156 quod
916 1099 1040 1142 dubia
1067 1114 1159 1155 spes
1187 1106 1294 1142 certa
1323 1100 1600 1157 desperatione
1633 1100 1686 1142 sit
1713 1114 1793 1156 po-

113 1164 206 1206 tior.
235 1165 339 1214 VII,
367 1166 424 1206 20
452 1179 491 1220 p.
521 1167 616 1215 301,
649 1167 700 1209 18
726 1181 808 1209 non
834 1181 914 1223 quo
941 1167 1104 1209 excludi
1131 1183 1157 1209 a
1185 1174 1314 1209 scroto
1341 1181 1423 1208 non
1444 1168 1605 1224 possint
1620 1191 1694 1217 -,
1722 1167 1795 1210 sed

113 1231 224 1287 quod
251 1234 351 1287 (quo
370 1233 524 1286 Targa,
543 1233 670 1290 Ritt.)
697 1233 864 1290 repulsa
891 1234 1128 1291 inquinibus
1155 1235 1418 1276 immorentur
1446 1234 1581 1290 ibique
1599 1240 1793 1276 tumorem

114 1300 293 1341 enitent.
323 1299 430 1349 VII,
458 1300 534 1349 26,
563 1302 590 1341 2
618 1302 671 1343 in.
702 1301 802 1344 Non
829 1315 910 1358 quo
937 1316 1018 1343 non
1045 1302 1250 1343 interdum
1279 1302 1399 1343 etiam
1427 1302 1641 1343 temeraria
1660 1301 1792 1343 medi-

115 1367 208 1408 cina
235 1366 442 1424 proficiat,
470 1368 541 1409 sed
568 1382 648 1424 quo
676 1370 825 1425 soepins
853 1369 988 1425 utique
1016 1369 1062 1411 in
1089 1369 1163 1411 hoc
1181 1367 1320 1423 fallat.
1349 1369 1477 1418 VIIl,
1507 1369 1533 1409 3
1561 1382 1600 1422 p.
1621 1370 1716 1417 331,
1737 1368 1792 1411 29

112 1447 193 1475 non
219 1448 300 1489 quo
329 1448 410 1475 non
439 1434 567 1476 subsit
594 1435 733 1492 aliqua
761 1436 905 1479 vitiosa
932 1437 1085 1486 sanies,
1114 1437 1185 1479 sed
1212 1436 1405 1492 quoniam
1431 1435 1491 1478 ibi
1517 1442 1560 1476 ut
1587 1437 1632 1477 in
1651 1434 1793 1478 latiore

113 1501 204 1543 sede
231 1502 397 1559 dzjffusa
424 1504 488 1545 sit.

786 1633 843 1676 De
873 1633 1139 1688 temporibus

223 1717 366 1759 Celsus
394 1717 462 1757 ubi
492 1717 691 1771 praecipit,
735 1719 931 1772 quomodo
961 1718 1054 1771 aegri
1083 1717 1263 1758 homines
1293 1717 1458 1759 curandi
1486 1718 1588 1766 sint,
1626 1717 1665 1758 in
1695 1731 1788 1759 sen-

112 1784 252 1826 tentiis
281 1784 614 1826 conditionalibus
643 1786 846 1826 connectit
876 1787 1052 1827 futurum
1081 1789 1267 1826 exactum
1287 1785 1347 1841 (in
1370 1791 1510 1826 enunt.
1532 1783 1791 1841 secundaria)

112 1857 154 1893 et
183 1853 357 1892 futurum
388 1852 559 1905 simplex
588 1852 649 1908 (in
681 1859 819 1894 enunt.
847 1852 1074 1907 primaria),
1104 1853 1202 1892 bina
1222 1854 1357 1893 futura
1375 1852 1585 1906 simplicia,
1614 1853 1792 1893 futurum

111 1925 299 1960 exactum
343 1925 384 1960 et
428 1932 600 1972 praesens
647 1918 913 1975 (conjunctivi
939 1920 1084 1973 jussivi
1113 1925 1186 1961 aut
1213 1919 1420 1960 indicativi
1449 1919 1543 1960 talis
1571 1919 1706 1969 verbi,
1749 1919 1790 1960 iu

113 1998 192 2040 quo
222 1987 343 2028 futuri
375 1987 565 2040 temporis
594 1987 834 2040 significatio
862 1987 989 2028 inest:
1033 1986 1164 2036 debet,
1207 1992 1379 2042 oportet,
1412 1986 1671 2039 gerundivum
1701 1999 1790 2027 cum

112 2056 208 2107 est),
236 2055 454 2108 perfectum
482 2053 602 2096 indic.
633 2060 676 2096 et
704 2067 879 2108 praesens
908 2054 1048 2103 indic.,
1085 2056 1164 2096 duo
1192 2053 1405 2108 praesentia
1433 2054 1552 2095 indic.
1583 2077 1633 2084 -—
1662 2053 1790 2095 Paulo

111 2121 346 2163 insolentior
387 2128 450 2163 est
492 2127 714 2176 temporum
746 2122 974 2174 conjunctio
1003 2121 1080 2172 IV,
1108 2119 1135 2164 7
1163 2134 1203 2174 p.
1236 2122 1335 2171 130,
1364 2120 1408 2162 9:
1451 2118 1607 2172 Quibus
1640 2121 1679 2162 si
1709 2134 1790 2162 non

102 2186 280 2244 fuerit
307 2202 412 2244 oeqer
439 2188 621 2243 adjutus,
649 2190 752 2231 scire
778 2188 898 2231 licet
924 2188 1031 2230 malo
1060 2189 1207 2230 victum
1235 2202 1327 2230 esse.
1357 2188 1434 2237 IV,
1461 2189 1517 2229 22
1546 2201 1584 2241 p.
1613 2187 1692 2229 148
1710 2187 1788 2229 in.:

110 2253 304 2311 lonqoque
332 2262 509 2312 tempore
535 2255 583 2296 id
609 2255 783 2306 malum,
812 2271 937 2312 quum
965 2257 1353 2305 inveteraverit,
1391 2261 1463 2296 aut
1490 2253 1630 2296 tollit
1658 2254 1788 2297 homi-

112 2336 206 2364 nem
232 2329 322 2372 aut,
350 2322 510 2365 etiamsi
523 2322 687 2380 finitur,
717 2325 933 2366 excruciat.
963 2324 1094 2372 VIII,
1117 2324 1168 2365 14
1187 2323 1264 2365 in.:
1294 2322 1348 2363 In
1366 2328 1502 2363 utram
1517 2326 1681 2377 partem
1708 2335 1790 2363 eze-

112 2389 335 2432 ciderint
376 2389 621 2444 (vertebrae),
664 2406 690 2432 a
727 2392 949 2447 posteriore
983 2397 1105 2447 parte
1146 2389 1207 2433 vel
1234 2396 1367 2432 tumor
1395 2389 1455 2432 vel
1481 2389 1593 2430 sinus
1621 2389 1790 2431 oritur

113 2455 205 2514 (ubi
232 2463 367 2499 tamen
406 2458 560 2512 Targa,
601 2458 739 2500 Ritter
779 2459 961 2500 scribunt
996 2458 1072 2500 erit
1106 2471 1178 2513 pro
1207 2457 1350 2508 oritur,
1393 2456 1498 2512 quod
1527 2456 1636 2499 nulla
1664 2456 1791 2498 allata

113 2525 270 2567 ratione
297 2525 488 2567 Daremb.
517 2523 771 2582 assumpsit).

223 2592 271 2634 In
301 2592 572 2635 consecutione
597 2598 824 2649 temporum
852 2606 972 2648 quum
1003 2593 1163 2633 omnino
1193 2584 1335 2634 Celsus
1364 2596 1544 2632 veterum
1574 2594 1790 2631 consuetu-

112 2658 247 2701 dinem
289 2665 501 2714 sequatur,
544 2660 606 2702 his
642 2661 739 2702 locis
767 2661 819 2702 ab
849 2674 900 2702 ea
929 2660 1109 2701 nonnihil
1138 2659 1298 2701 videtur
1324 2658 1524 2700 recedere:
1553 2658 1637 2706 ΙΙΙ,
1669 2656 1721 2698 18
1750 2669 1788 2710 p.

111 2725 187 2776 99,
217 2726 270 2768 15
299 2726 558 2783 Asclepiades
579 2727 753 2783 perinde
780 2742 863 2771 esse
890 2727 997 2768 dimit
1025 2727 1088 2768 his
1115 2726 1351 2781 sanquinem
1379 2724 1502 2774 mitti,
1543 2738 1592 2766 ae
1618 2724 1655 2765 si
1682 2729 1790 2765 tru-

112 2793 364 2837 cidentur.
393 2795 454 2836 Ib.
484 2808 523 2848 p.
555 2795 647 2844 100,
676 2795 748 2837 33:
772 2809 851 2851 per
877 2793 982 2836 hanc
1009 2795 1115 2836 enim
1144 2793 1286 2847 (dixit)
1315 2807 1387 2835 nos
1414 2797 1711 2847 consecuturos,
1745 2796 1791 2832 ut

113 2873 276 2903 somnus
303 2861 523 2904 accedat.
568 2863 656 2911 ΙΠ,
686 2863 736 2903 21
768 2876 807 2916 p.
841 2861 934 2910 109,
963 2861 990 2903 9
1025 2860 1264 2916 frustraque
1291 2858 1589 2912 (Erasistratus
1614 2857 1793 2914 putavit)

117 2942 267 2984 aquam
296 2929 442 2978 emitti,
470 2943 559 2985 quae
587 2928 724 2971 vitiato
752 2928 821 2971 illo
849 2928 1018 2970 subinde
1045 2934 1295 2969 nascatur.
1331 2928 1434 2976 VII,
1467 2926 1519 2967 14
1546 2927 1602 2967 in.
1646 2923 1790 2966 Heron

115 2995 299 3039 omnibus
326 2995 391 3038 his
418 3002 591 3052 quatuor
613 2995 761 3052 positis
789 3002 825 3038 et
852 2996 1002 3038 omenti
1029 2996 1265 3038 mentionem
1293 2993 1431 3035 habuit
1458 2999 1494 3035 et
1531 2992 1639 3049 ejus,
1681 2990 1791 3047 quod

116 3062 238 3105 simul
263 3071 300 3106 et
327 3070 527 3105 omentum
553 3069 590 3105 et
617 3063 850 3106 intestinum
878 3063 1002 3105 habu
1012 3062 1122 3104 erit.
1153 3086 1203 3092 —-
1234 3059 1490 3115 Quamquam
1520 3060 1622 3101 satis
1650 3066 1788 3101 notum

183 3194 210 3243 ¹)
238 3197 300 3234 Cfr
329 3198 514 3243 Schultz„
545 3211 703 3246 gramm.
735 3198 757 3242 ξ
788 3199 870 3234 350
903 3209 989 3234 ann.
1024 3199 1062 3233 3.
1588 3252 1612 3290 ἦ
