2106 3658
369 385 419 421 32
1035 380 1075 418 O.
1107 382 1148 418 A.
1180 381 1326 417 Brolon.

365 511 451 552 quoe
478 498 579 538 aiius
608 497 694 550 quis
722 496 848 536 dicere
876 494 939 534 vei
966 493 1112 535 sentire
1140 493 1349 535 indicatur.
1405 491 1494 532 Hoc
1521 492 1626 545 apud
1645 491 1894 533 historiarum
1915 503 2000 532 ma-

364 565 468 605 xime
496 563 705 615 scriptores
734 560 926 600 interdum
955 558 1334 607 fieri,com1n0ncnt
1360 557 1603 610 grammatici
1621 554 1675 616 ι).
1730 559 1776 599 In
1805 554 2002 610 prooemio

365 629 451 670 iibri
482 628 615 681 primi,
643 626 710 667 ubi
738 625 961 677 expositum
992 630 1075 674 est,
1103 639 1189 679 quae
1217 625 1265 665 do
1292 623 1487 664 medicina
1514 623 1671 664 divorsa
1697 622 1892 664 sentirent.
1919 633 2004 662 me-

369 695 541 735 dicorum
571 698 703 740 sectae,
732 703 817 744 quae
835 698 919 731 tum
949 697 1080 739 erant,
1108 690 1303 744 permulta
1321 694 1413 730 sunt
1432 689 1546 740 hujus
1565 688 1620 729 rei
1643 688 1837 742 exempla.
1878 686 2005 728 Velut

363 772 452 813 pag.
479 759 505 799 3
535 758 653 798 med.:
696 769 819 811 neque
861 756 1060 809 (credunt)
1101 770 1182 798 esse
1218 755 1401 804 dubium,
1443 753 1542 809 quin
1569 751 1652 796 alia
1678 753 1878 795 curatione
1905 765 2004 807 opus

362 826 432 873 sit,
473 823 510 864 si
550 836 599 864 ea.-
626 828 810 877 quattuor
833 821 1047 876 principiis
1074 821 1133 863 vel
1159 834 1354 897 superans
1380 819 1535 875 aliquid
1563 819 1622 862 vel
1647 819 1831 878 deficiens
1858 818 2004 860 adver-

363 905 450 931 sam
477 887 738 930 valetudinem
765 894 895 929 creat
923 910 998 936 —,
1040 887 1145 938 alia,
1187 887 1223 928 si
1255 888 1298 928 in
1327 885 1502 928 humidis
1529 899 1642 927 omne
1668 885 1807 927 vitium
1833 889 1902 926 est
1928 894 2005 933 —·,

362 955 462 1004 alia,
491 954 528 995 si
554 953 717 1009 sanquis
745 954 788 994 in
816 966 882 994 eas
910 966 1048 1003 venas,
1076 968 1164 1010 quae
1191 953 1355 1008 spiritui
1381 951 1678 993 accommodatae
1704 957 1807 1000 sunt,
1847 956 2006 991 trans·

354 1020 593 1079 funditur
620 1025 656 1061 et
682 1017 1050 1074 inflammationerm
1078 1034 1202 1076 quam
1228 1016 1361 1061 G-raeci
1388 1016 1628 1073 φλεγμονὴν
1662 1017 1890 1065 nominant,
1924 1028 2006 1057 σω-

362 1087 502 1135 citat,
529 1098 652 1140 eaque
678 1082 941 1140 inflammatio
968 1084 1084 1127 talem
1102 1091 1250 1127 motum
1277 1084 1474 1142 efficit,
1501 1083 1632 1140 qualis
1648 1081 1823 1140 infabre
1849 1087 1922 1124 est
1939 1105 2006 1131 —-,

362 1152 461 1201 alia,
503 1151 540 1192 si
579 1152 786 1192 manantia
821 1150 1055 1206 corpuscula
1083 1165 1162 1207 per
1188 1149 1407 1192 invisibilia
1425 1149 1638 1207 foramina
1664 1147 1906 1190 mbm'otendo
1931 1147 2007 1190 iter

361 1217 600 1259 claudunt
627 1239 693 1258 ——-.
722 1218 782 1258 Ib.
811 1230 849 1270 p.
878 1218 904 1258 3
933 1224 1055 1262 extr.:
1097 1231 1220 1273 neque
1260 1217 1444 1259 interesse
1488 1214 1779 1267 (contendunt),
1819 1227 1874 1255 an
1902 1226 2007 1254 nunc

360 1284 446 1338 jam
470 1282 660 1339 pleraque
685 1281 894 1338 eoeplorata
921 1283 1020 1332 sint,
1046 1285 1083 1326 si
1109 1298 1135 1324 a
1162 1281 1323 1325 consilio
1351 1289 1480 1325 tamen
1507 1285 1784 1338 coeperunt.
1826 1279 1898 1322 cfr
1919 1291 2007 1333 pag.

360 1351 400 1398 4,
428 1351 481 1390 22
499 1361 602 1402 sqq.;
631 1361 718 1402 pag.
747 1348 785 1398 6,
817 1350 862 1390 11
885 1362 992 1403 sqq.;
1021 1363 1111 1404 pag.
1141 1346 1181 1398 7,
1209 1349 1263 1390 25
1282 1362 1388 1403 sqq.;
1416 1362 1504 1403 pag.
1532 1348 1561 1389 8
1579 1347 1666 1397 ‚103
1694 1358 1784 1400 pag.
1803 1345 1921 1387 lOin.
1950 1345 2007 1394 11,

365 1416 415 1456 10
443 1429 479 1469 p.
507 1415 576 1463 54,
605 1414 651 1457 9:
680 1413 823 1470 Neque
849 1414 1009 1470 iqnow,
1037 1416 1229 1471 quosdam
1256 1415 1402 1464 dicere,
1444 1429 1566 1470 quam
1593 1411 1816 1468 lonyissime
1830 1410 2007 1466 vsanqui-

361 1495 451 1523 nem
478 1481 590 1529 inde,
618 1480 686 1522 ubi
713 1480 870 1530 laedit,
898 1495 980 1523 esse
1006 1482 1258 1531 mittendum,
1286 1481 1343 1523 sic
1370 1482 1477 1523 enim
1495 1480 1622 1521 averti
1640 1477 1814 1520 materioe
1832 1490 2008 1526 cursum,

361 1554 402 1588 at
428 1546 496 1588 illo
523 1547 640 1588 modo
668 1546 711 1587 in
738 1547 783 1587 id
810 1547 961 1602 ipsam,
990 1548 1097 1602 quod
1119 1553 1317 1602 yravat,
1346 1547 1512 1589 evocari.
1542 1547 1604 1594 ΙΙ,
1635 1545 1686 1586 14
1712 1557 1751 1597 p.
1781 1542 1847 1593 59,
1874 1543 1930 1584 24
1945 1541 2008 1600 fl-

361 1613 538 1654 niuntur.
567 1613 653 1662 III,
681 1612 708 1654 6
736 1626 774 1666 p.
802 1613 868 1662 85,
900 1614 950 1654 10
969 1612 1076 1655 bibit.
1104 1614 1165 1655 Ib.
1194 1626 1232 1666 p.
1261 1613 1334 1662 85,
1366 1613 1416 1655 18
1443 1612 1567 1654 habet.
1595 1612 1679 1661 111,
1707 1611 1761 1651 20
1788 1623 1827 1663 p.
1847 1608 1935 1658 104,
1953 1607 2008 1650 26

360 1679 536 1720 decessit.
565 1679 648 1728 111,
675 1679 730 1720 24
757 1679 810 1720 in.
853 1681 1092 1735 supervenit,
1133 1681 1273 1722 oritur.
1309 1680 1384 1729 IV,
1411 1677 1437 1720 7
1466 1679 1532 1720 fin.
1561 1683 1685 1734 urqet.
1726 1676 1832 1725 VII,
1863 1675 1910 1716 ll
1940 1673 2010 1716 ubi

358 1759 487 1801 purus
513 1751 582 1787 est.

471 1812 518 1852 Iu
549 1811 674 1852 modis
701 1811 892 1864 ponendis
919 1818 1010 1864 post
1037 1812 1251 1865 particulas
1281 1811 1527 1853 concessivas
1546 1822 1788 1866 quamquam
1806 1813 1849 1848 et
1865 1820 2008 1862 quam-

361 1877 423 1918 vis
463 1877 601 1918 Celsus
639 1890 665 1918 a
693 1883 871 1919 veterum
898 1878 1037 1918 solutae
1065 1878 1254 1919 orationis
1283 1878 1517 1931 scriptorum
1547 1874 1827 1917 consuetudine
1856 1873 2008 1914 discre-

361 1950 452 1996 pat,
494 1949 633 1996 poetas
675 1949 717 1984 et
758 1944 995 1996 posteriores
1038 1951 1208 1985 secutus.
1278 1941 1535 1998 Quamquam
1566 1955 1645 1983 uno
1673 1941 1758 1982 loco
1785 1938 1892 1993 apud
1920 1950 2008 1979 eum

361 2015 443 2058 ost,
484 2009 552 2050 ubi
594 2009 869 2062 conjunctivus
903 2010 1096 2063 sequitur:
1133 2011 1154 2051 I
1183 2022 1353 2062 prooem.
1383 2022 1421 2062 p.
1449 2009 1495 2057 8,Ὺ
1517 2008 1570 2050 25
1605 2005 1859 2062 Quamquam
1884 2003 2010 2059 ἱρέων

361 2073 484 2116 multa
510 2075 590 2116 sint
616 2075 672 2116 ad
698 2075 808 2130 ipsas
835 2081 940 2117 artes
961 2075 1130 2131 proprie
1157 2089 1236 2116 non
1261 2075 1511 2130 pertinentia.
1565 2075 1718 2116 Contra.
1750 2071 1933 2127 quamvis
1961 2070 2009 2112 do

363 2154 405 2183 re
435 2154 530 2182 vera
557 2148 781 2195 usurpatur,
810 2141 877 2182 ubi
905 2148 1057 2183 veteres
1086 2155 1329 2196 quamquam
1357 2146 1520 2195 ponunt.
1575 2139 1803 2193 Saepissime
1830 2136 2010 2190 sequitur

361 2207 615 2256 indicativus,
642 2208 750 2248 velut
777 2208 798 2248 1
826 2219 996 2261 prooem.
1024 2221 1062 2261 p.
1091 2207 1132 2257 9,
1159 2205 1214 2249 27
1242 2205 1433 2258 Quamvis
1460 2220 1509 2249 ne
1537 2206 1616 2248 hoec
1643 2204 1803 2261 quidem
1828 2202 2009 2257 sicproe-

362 2273 479 2314 teriri
518 2272 675 2323 debent,
717 2274 834 2329 quasi
873 2272 1026 2315 nullam
1066 2274 1368 2315 controversiam
1401 2273 1607 2328 recipiant.
1651 2272 1710 2320 11,
1743 2271 1761 2312 1
1793 2282 1831 2324 p.
1860 2267 1927 2318 29,
1958 2269 2005 2309 11

362 2337 508 2394 Neque
548 2338 661 2380 aliud
701 2339 830 2395 ’παρὰ
871 2346 1023 2395 tempus
1045 2338 1278 2396 pestilentioe
1298 2345 1434 2394 patet,
1473 2338 1753 2394 cujuscumque
1779 2349 1827 2378 ea
1850 2334 2008 2390 ymerio

363 2411 434 2453 est,
464 2405 648 2460 quamvis
675 2406 801 2447 variis
827 2404 1049 2447 rationibus
1077 2411 1196 2447 nocet.
1251 2405 1538 2459 Conjunctivus
1566 2410 1658 2458 post
1685 2400 1866 2459 quamvis
1883 2400 2007 2442 multo

363 2471 488 2512 rarior
515 2479 596 2513 est·
639 2472 661 2512 I
688 2485 861 2525 prooem.
889 2485 927 2525 p.
955 2471 995 2520 8,
1024 2468 1077 2513 27
1110 2471 1252 2526 Itaque
1282 2471 1360 2512 ista
1394 2484 1548 2527 quoque
1573 2476 1727 2512 natura
1751 2480 1887 2509 rerum
1913 2479 2008 2508 con-

363 2535 582 2592 templatio,
609 2538 791 2593 quamvis
818 2551 897 2579 non
915 2537 1051 2595 faciat
1075 2537 1285 2586 medicum,
1313 2538 1508 2593 aptiorem
1535 2543 1666 2578 tamen
1692 2532 1896 2576 medicina
1913 2530 2008 2573 red-

363 2603 436 2644 dit.
465 2603 507 2644 11
535 2616 706 2657 prooem.
735 2617 858 2659 quum
883 2604 1116 2646 recentiores
1142 2602 1306 2651 medici,
1348 2603 1530 2658 quamvis
1557 2601 1738 2658 quaedam
1763 2599 1808 2640 in
1834 2596 2008 2639 curatio-

363 2668 480 2710 nibus
507 2669 716 2718 mutarint,
744 2675 875 2711 tamen
902 2668 982 2711 hoee
1008 2668 1122 2710 illum
1149 2668 1293 2725 optime
1313 2668 1550 2724 proesaqissc
1565 2666 1788 2723 fateantur.
1825 2664 1886 2713 11,
1914 2662 1942 2704 8
1968 2675 2006 2716 p.

363 2734 457 2776 48
446 2749 501 2776 m.
529 2736 594 2784 11,
626 2734 676 2776 18
703 2749 742 2789 p.
771 2734 839 2785 64,
867 2736 933 2777 31.
962 2736 1046 2785 ΙΙΙ,
1078 2734 1129 2776 18
1156 2748 1195 2789 p.
1222 2733 1288 2784 98,
1316 2735 1384 2776 21.
1413 2734 1490 2783 IV,
1518 2731 1544 2775 '7
1571 2733 1638 2775 fin.
1666 2732 1790 2780 vm,
1820 2729 1873 2771 14
1899 2729 1965 2771 fin.

473 2802 521 2842 In
551 2802 716 2843 formula
742 2815 822 2842 non
849 2802 956 2857 quod
981 2825 1037 2832 —-
1063 2801 1134 2843 sed
1159 2800 1256 2856 quia
1282 2800 1422 2842 Celsus
1449 2812 1604 2854 semper
1629 2799 1669 2840 in
1698 2803 1864 2849 utroquo
1882 2806 2007 2836 mem-

366 2867 436 2907 bro
463 2868 598 2908 codem
628 2868 744 2908 modo
772 2868 910 2917 utitur,
937 2873 977 2908 et
1004 2867 1160 2921 quidem
1188 2866 1402 2908 indicativo
1431 2878 1508 2907 uno
1536 2866 1622 2907 loco
1649 2864 1730 2912 111,
1758 2862 1784 2903 5
1812 2875 1848 2915 p.
1867 2860 2006 2910 83,13

366 2945 443 2972 non
484 2934 579 2987 quia
621 2947 738 2975 mane
777 2940 851 2983 est,
894 2933 964 2975 sed
995 2932 1094 2988 quia
1119 2931 1299 2974 remissio
1326 2938 1400 2982 est,
1429 2931 1496 2973 ubi
1525 2930 1738 2972 indicativo
1765 2926 2007 2982 significatur

366 3010 501 3040 vorum
530 3011 615 3040 csso
642 2999 683 3040 id
712 3012 886 3054 quoque,
912 3000 1015 3054 quod
1043 2999 1083 3040 in
1112 2999 1240 3053 prima
1266 2998 1414 3040 causali
1442 2997 1641 3039 sententia
1668 2994 1838 3050 ponitur,
1866 3004 2005 3046 quam-

432 3135 459 3183 ¹)
487 3139 610 3177 Madv.
641 3141 664 3185 fl
695 3142 774 3178 369
805 3153 891 3179 ann.
922 3143 961 3179 2.
