2106 3658
617 363 671 402 De
700 365 909 405 elocutione
936 364 982 404 A.
1013 364 1173 404 Cornelii
1203 365 1311 404 Celsi.
1550 400 1553 403 .
1757 365 1809 404 8⁷

247 479 478 538 Alioqui,
505 480 743 538 alioquin
771 496 842 536 pro
871 495 919 524 eo
947 484 1053 538 quod
1082 489 1144 524 est
1174 489 1365 532 ceterum,
1388 487 1587 538 proetma
1612 481 1815 524 invenitur

136 549 338 590 nonnullis
374 548 491 590 locis:
528 550 604 599 IV,
633 547 702 599 27,
735 551 753 590 1
786 551 841 591 in.
893 549 943 592 Si
977 550 1131 592 diutius
1167 557 1239 592 aut
1261 550 1370 606 jacet
1404 555 1476 591 aut
1502 549 1658 606 alioqui
1675 549 1815 606 jacere

134 616 344 658 consuevit.
373 616 428 663 V,
452 615 535 666 26,
563 618 618 658 25
647 618 715 659 fin.
745 616 947 673 Multique
974 619 1096 660 etiam
1123 637 1179 649 ³-
1207 618 1301 659 vino
1328 617 1536 674 reficiendi
1562 622 1676 666 sunt,
1704 615 1812 726 quzd

135 682 291 739 alioqui
316 682 644 725 inimicissimum
680 683 837 726 vulneri
863 691 932 726 est.
979 685 1033 735 V,
1062 685 1136 735 26,
1165 685 1221 727 24
1255 686 1322 726 fin.
1365 685 1421 734 V,
1450 683 1527 733 26,
1556 684 1611 726 36
1647 685 1715 725 fin.
1758 683 1815 733 V,

135 751 214 799 28,
247 747 300 792 17
327 751 395 792 fin.
427 750 554 800 VIII,
583 752 612 793 4
639 765 678 805 p.
699 752 780 793 333
811 758 914 794 extr.
959 752 1112 794 Ceteris
1143 753 1261 801 locis,
1290 765 1388 806 quos
1417 751 1635 794 Matthiae·
1623 760 1664 793 ιιι
1688 750 1815 793 lmen

136 818 296 866 attulit,
333 831 438 859 nunc
468 818 585 859 lectio
614 826 773 860 mutata.
803 826 876 860 est.
934 820 1024 860 Hoc
1053 821 1216 861 verbum
1246 833 1365 874 quum
1397 819 1436 860 in
1468 819 1581 860 libris
1610 818 1815 862 Ciceronis

135 897 217 927 uno
245 885 331 926 loco
369 890 506 927 exstet
534 887 656 940 Legg.
687 889 734 935 2,
763 887 836 936 25,
874 885 951 935 62,
995 887 1063 928 ubi
1094 894 1228 929 tamen
1259 887 1445 928 Handius
1457 884 1497 942 ¹)
1537 886 1606 928 alii
1635 886 1814 928 codicum

134 952 376 1006 scripturam
413 954 648 994 mutandam
696 967 784 995 esse
825 960 1091 1007 putaverunt,
1134 968 1259 1008 neque
1295 955 1402 1008 apud
1437 954 1656 1004 Plautum,
1698 954 1815 1002 Ter„

135 1019 258 1069 Sall„
297 1020 400 1062 Caes.
430 1033 599 1074 usquam
630 1021 875 1071 inveniatur,
914 1028 1056 1063 contra
1086 1023 1192 1076 apud
1221 1022 1312 1063 Liv.
1342 1027 1384 1062 et
1413 1021 1659 1075 posteriores
1686 1020 1815 1074 scrip-

135 1093 245 1129 tores
275 1087 379 1128 satis
409 1089 592 1141 frequens
621 1095 698 1130 est.

246 1153 420 1196 Aliter
461 1153 723 1211 aliterque,
767 1169 845 1210 qua
892 1156 1102 1197 verborum
1147 1156 1425 1209 conjunctione
1468 1156 1686 1209 scriptores
1722 1161 1817 1209 post

135 1221 369 1276 Augustum
406 1228 575 1264 utuntur
587 1222 648 1279 2),
687 1224 792 1276 apud
823 1223 982 1265 Celsum
1013 1231 1077 1264 est.
1105 1225 1189 1272 111,
1218 1224 1244 1264 3
1274 1224 1340 1264 fiu.
1378 1237 1504 1279 quum
1532 1222 1651 1264 aliter
1676 1221 1816 1264 aliter-

140 1304 217 1345 que
244 1290 289 1331 in
317 1289 454 1331 eodem
481 1289 619 1331 morbo
643 1289 785 1345 febres
813 1290 1015 1332 accedunt.
1063 1292 1146 1340 111,
1176 1292 1224 1332 21
1259 1291 1314 1332 in.
1351 1291 1455 1340 VII,
1483 1288 1524 1340 ¹7,
1557 1292 1591 1332 l.
1620 1313 1674 1321 —
1708 1290 1815 1339 VII,

139 1354 204 1407 17,
227 1358 265 1407 1,
295 1357 361 1410 qui
392 1355 500 1399 locus
528 1371 553 1398 a
583 1358 736 1399 Matth.
767 1358 915 1399 allatus
946 1363 1029 1408 est,
1060 1372 1166 1400 nunc
1193 1358 1386 1411 scriptum
1412 1365 1474 1398 est
1502 1356 1620 1399 aliter
1637 1355 1689 1397 ab
1709 1355 1815 1398 aliis.

249 1423 323 1465 An
360 1437 413 1465 ex
450 1437 558 1466 more
593 1425 872 1466 recentiorum·
895 1426 1135 1478 scriptorum
1171 1431 1386 1479 usurpatur
1422 1426 1560 1466 eodem
1592 1425 1708 1465 modo
1737 1437 1815 1478 quo

136 1505 236 1533 num
269 1492 310 1532 iu
345 1491 553 1533 indirectis
591 1492 805 1533 sententiis
840 1493 1152 1546 interrogativis.
1195 1494 1216 1534 Ι
1252 1506 1424 1545 prooem.
1453 1506 1493 1547 p.
1523 1492 1549 1533 3
1586 1492 1654 1533 fin.
1691 1505 1817 1547 neque

135 1559 341 1608 interesse,
384 1573 440 1601 an
482 1573 588 1600 nune
616 1558 708 1615 jam
736 1558 931 1615 pleraque
968 1559 1177 1615 eoeplorata
1215 1560 1316 1609 sint,
1360 1559 1396 1600 si
1429 1575 1455 1600 a
1483 1558 1648 1601 consilio
1685 1565 1816 1599 tamen

136 1632 364 1682 coeperunt.
401 1627 507 1674 VII,
538 1627 591 1667 33
621 1627 674 1668 ἰιι.
705 1627 887 1676 interest,
916 1641 983 1668 an.
1027 1628 1112 1676 111,
1144 1627 1196 1669 18
1225 1641 1265 1681 p.
1295 1626 1370 1675 99,
1399 1625 1452 1669 27
1486 1626 1702 1668 deliberari
1727 1632 1817 1681 pot·

135 1700 212 1743 est,
244 1708 309 1735 an.
352 1693 439 1744 VI,
477 1693 546 1743 18,
575 1695 602 1734 2
640 1707 678 1747 p.
708 1695 811 1743 254,
843 1695 894 1736 13
924 1694 1227 1750 experiendum,
1255 1709 1322 1737 an.
1365 1695 1469 1744 VII,
1501 1694 1552 1735 16
1589 1694 1642 1735 ἰιι.
1685 1694 1817 1735 consi-

135 1761 363 1802 derandum
399 1767 474 1811 est,
503 1776 569 1802 an.
609 1762 712 1811 VII,
741 1761 817 1810 26,
846 1763 873 1802 2
912 1775 949 1814 p.
979 1758 1060 1803 307
1097 1763 1165 1803 fin.
1195 1763 1460 1816 cognoscitur,
1489 1777 1555 1802 an.
1607 1761 1713 1810 VII,
1742 1759 1817 1810 26,

135 1830 163 1870 2
197 1839 237 1881 p.
256 1827 339 1869 309
367 1829 434 1870 fin.
464 1835 684 1884 appareat,
713 1843 780 1870 απ.
811 1830 938 1879 VIII,
969 1831 996 1870 2
1024 1842 1063 1882 p.
1083 1829 1188 1878 329,
1217 1830 1266 1870 31
1301 1829 1470 1870 dubium
1489 1835 1564 1878 est,
1594 1842 1659 1869 an.
1690 1828 1816 1876 VIII,

135 1895 163 1936 4
191 1896 245 1936 in.
272 1902 401 1950 potest
429 1895 633 1944 dubitari,
662 1910 730 1937 an.
787 1897 911 1950 Apud
953 1896 1114 1938 Celsum
1159 1897 1281 1949 igitur
1323 1895 1463 1937 dubito
1508 1910 1563 1936 an
1605 1895 1711 1936 idem
1754 1900 1818 1936 est

136 1963 244 2017 quod
271 1962 408 2004 dubito
437 1977 549 2012 num,
579 1976 707 2016 neque
737 1977 922 2017 umquam
954 1970 1025 2004 aut
1054 1964 1146 2005 huic
1177 1964 1365 2005 locutioni
1386 1963 1666 2004 affirmativam
1688 1975 1817 2015 quan-

135 2031 230 2072 dam
266 2031 344 2071 vim
382 2031 565 2083 subjicit,
603 2037 675 2071 aut
705 2031 835 2072 altera
864 2031 1012 2080 utitur,
1052 2045 1139 2085 quae
1169 2032 1275 2084 apud
1307 2037 1461 2072 veteres
1490 2031 1706 2083 scriptores
1735 2031 1819 2069 fre-

137 2104 369 2152 quentatur,
396 2096 507 2138 haud
536 2097 617 2138 scio
646 2113 712 2139 an.
770 2099 1061 2139 Annotandum
1092 2105 1225 2140 autem
1258 2099 1379 2139 etiam
1401 2104 1485 2146 est,
1515 2098 1555 2138 in
1576 2096 1818 2149 disjunctiva

137 2165 455 2218 interrogatione
494 2165 589 2219 poni
627 2180 683 2206 an
717 2189 770 2196 —-
801 2181 876 2215 an,
920 2166 989 2206 ubi
1019 2172 1225 2219 exspectes
1251 2172 1387 2206 utrum
1415 2188 1470 2196 —
1507 2179 1579 2206 an.-
1608 2166 1692 2212 ΙΙΙ,
1712 2166 1738 2205 2
1764 2164 1817 2204 in.

147 2231 375 2274 Videndum
402 2233 525 2274 etiam
551 2238 620 2280 est,
650 2232 813 2274 morbus
841 2247 896 2274 an
924 2233 1130 2280 increscat,
1160 2247 1214 2274 an
1243 2233 1444 2279 consistat,
1472 2247 1524 2272 an
1545 2231 1754 2272 minuatur
1763 2229 1817 2286 ³).

137 2300 290 2348 Locus,
324 2313 439 2354 quem
471 2313 494 2341 e
523 2300 641 2342 Celso
671 2301 846 2342 afferunt
879 2306 920 2341 et
950 2301 1136 2342 Klotzius
1172 2301 1211 2341 in
1245 2300 1373 2341 lexico
1408 2304 1450 2341 et
1479 2299 1666 2340 Handius
1694 2313 1726 2339 s.
1757 2312 1818 2347 v.,

137 2360 225 2417 ΙΙΙ,
253 2366 280 2408 6
309 2380 347 2420 p.
375 2366 447 2416 87,
477 2367 552 2416 24,
583 2381 689 2408 nunc
719 2374 897 2409 mutatus
926 2375 989 2408 est
1016 2368 1177 2409 excluso
1207 2368 1337 2420 priore
1367 2382 1433 2409 an.

249 2432 316 2475 Et
344 2447 452 2488 saepe
481 2435 659 2488 positum
691 2441 754 2476 est
783 2449 854 2488 pro
884 2434 1022 2485 etiam,
1064 2435 1171 2476 velut.
1198 2435 1283 2483 III,
1311 2435 1367 2476 22
1396 2448 1434 2488 p.
1467 2434 1547 2475 112
1575 2434 1644 2475 fin.
1681 2434 1818 2475 ceteris

137 2500 279 2545 diebus
308 2500 482 2543 bibenda
509 2515 635 2557 aqua,
672 2508 759 2543 tum
787 2509 823 2543 et
851 2503 1008 2551 vinum,
1042 2502 1079 2544 si
1106 2503 1227 2543 tussis
1255 2515 1336 2543 non
1363 2507 1440 2551 est,
1469 2501 1590 2556 potui
1606 2499 1818 2557 frigidum

137 2569 336 2611 dandum.
367 2593 422 2599 —
459 2569 704 2611 Insolentius
742 2570 781 2610 in
812 2570 1113 2612 enumeratione
1143 2570 1326 2611 ultimum
1358 2569 1577 2610 membrum
1614 2581 1686 2622 per
1714 2573 1817 2621 purt-

137 2642 175 2678 οἱ
201 2636 365 2678 additur
392 2637 435 2685 I,
464 2638 490 2678 3
519 2650 559 2690 p.
590 2636 666 2686 18,
693 2638 743 2678 21
786 2637 974 2686 vomitus,
1010 2636 1192 2692 dejectio,
1227 2635 1355 2677 acidoe
1382 2649 1447 2678 res
1477 2656 1530 2666 -b-
1558 2641 1595 2677 et
1623 2635 1709 2676 vini
1735 2649 1818 2676 non

132 2703 377 2761 proefriyidi
398 2703 525 2759 potio.
554 2704 616 2752 II,
649 2703 700 2745 18
728 2705 797 2746 fin.
841 2703 957 2758 Erqo
985 2703 1190 2746 imbecillis
1218 2702 1448 2745 hominibus
1475 2701 1593 2745 rebus
1621 2702 1817 2758 infirmis-

137 2771 254 2813 simis
288 2785 392 2827 opus
426 2777 505 2821 est,
547 2771 800 2812 mediocriter
819 2771 968 2829 firmos
1005 2771 1138 2813 media
1175 2770 1346 2812 materia
1382 2770 1527 2826 optime
1556 2770 1743 2819 sustinet,
1782 2775 1820 2811 et

139 2837 317 2880 robustis
345 2845 443 2895 apta
471 2837 723 2880 validissima
742 2845 811 2881 est.
839 2840 902 2889 II,
923 2840 977 2880 32
1001 2838 1282 2896 proecipueque
1295 2836 1526 2895 puleyium,
1545 2842 1639 2878 ruta
1654 2843 1691 2879 et
1704 2850 1816 2894 cepa.

205 3005 232 3054 ¹)
261 3007 418 3044 Tursell.
440 3020 469 3045 s.
492 3020 528 3045 v.
560 3019 648 3055 pag.
672 3008 768 3044 236.
814 3007 876 3044 Cfr
902 3009 1083 3054 praeterea
1109 3005 1301 3053 Seyffert„
1339 3006 1420 3043 Pal.
1442 3005 1607 3042 Giceron.
1638 3015 1728 3051 pag.
1750 3004 1814 3041 13.

199 3063 232 3112 ²)
262 3066 403 3102 Hand.
417 3078 446 3102 s.
477 3078 513 3103 v.
544 3077 633 3112 pag.
657 3066 752 3102 275.

201 3120 234 3170 ³)
270 3125 324 3160 De
353 3124 424 3161 hoc
460 3136 528 3160 usu
564 3124 639 3160 vid.
671 3122 795 3160 Hand.
827 3135 854 3158 s.
887 3135 924 3158 v.
955 3134 1043 3169 pag.
1077 3122 1155 3158 307
1189 3133 1271 3167 sqq.
1332 3120 1395 3157 Cfr
1423 3119 1550 3156 Krebs.
1587 3130 1616 3155 s.
1648 3131 1684 3155 v.
1703 3145 1712 3162 ,
1751 3119 1815 3165 qui

142 3193 217 3218 non
246 3184 348 3218 recte
377 3181 470 3218 dicit
499 3194 553 3218 an
573 3204 617 3211 -
640 3194 693 3218 an
722 3181 780 3217 ita
807 3192 831 3216 a
859 3180 978 3226 poetis
1008 3179 1126 3216 solum
1155 3180 1344 3226 augusteae
1373 3177 1496 3215 aetatis
1524 3176 1708 3224 usurpari.
