2106 3658
590 321 644 356 De
673 321 881 359 elocutione
910 319 956 357 A.
986 319 1147 357 Cornelii
1176 320 1284 357 Celsi.
1733 322 1783 358 19

107 437 307 494 ejusmodi
340 436 489 479 medici
515 435 656 479 melius
684 435 834 478 alienos
861 450 988 493 oeyros
1016 451 1141 493 quam
1167 451 1260 478 euos
1288 434 1484 478 nutriunt.
1523 437 1647 486 VIII,
1674 436 1715 486 8,
1745 439 1786 479 2.

107 505 158 548 Si
184 519 312 561 supra
339 503 484 546 vulnus
512 510 590 554 est,
618 504 664 546 id
691 504 777 546 suis
805 503 1104 546 medicamentis
1132 503 1391 546 nutriendum
1419 509 1488 545 est.

218 571 399 615 Obniti
440 572 609 628 (poetae,
637 578 838 625 argenteae
866 577 932 613 aet.
963 570 1123 628 script.)
1169 585 1248 614 uno
1285 571 1371 613 loco
1401 567 1655 621 V11,1’7,1
1688 571 1788 628 quia

105 654 257 683 necesse
284 646 362 690 eet,
390 653 437 680 ea
461 645 581 695 parte
607 645 731 695 rupta
758 638 994 680 membrana
1020 640 1092 690 eit,
1121 652 1281 697 quaque
1308 638 1466 695 inteqra
1484 644 1564 689 eet,
1591 652 1640 682 ea
1656 638 1787 695 maqie

106 708 309 751 obnitatur
337 710 520 760 (tumor).
550 708 663 748 Part.
693 705 865 748 obnixus
894 706 1014 747 etiam
1046 708 1153 761 apud
1181 706 1341 748 Livium
1370 712 1520 748 exstat.

217 774 491 818 ocularius
520 780 669 828 praeter
689 774 793 816 Cels.
824 774 975 815 habent
1003 774 1136 816 Scrib.
1166 781 1210 816 et
1238 774 1415 816 Solinus.
1471 774 1681 818 Invenitur
1706 787 1786 817 uno

108 844 196 886 loco
225 843 311 892 VI,
340 842 380 891 6,
409 841 436 883 8
465 842 517 883 in.
546 841 749 884 ocularius
777 841 968 883 medicus.

216 908 519 958 Paua-illue,
549 922 630 950 vox
657 909 794 950 Plauti
823 914 864 950 et
892 914 1100 962 poetarum
1130 914 1330 958 veterum,
1360 909 1416 958 V,
1444 909 1514 959 28,
1541 909 1661 952 18in.
1677 923 1786 967 pau-

105 977 203 1020 :cillo
231 976 368 1020 levius.

215 1043 394 1087 Pericl
404 1043 531 1086 itari
557 1044 665 1097 apud
695 1043 856 1085 Celsum
884 1057 1041 1098 semper
1069 1043 1239 1085 intrans.
1269 1044 1349 1085 vim
1369 1043 1513 1095 habet,
1542 1050 1589 1086 ut
1606 1045 1712 1086 idem
1731 1045 1788 1087 sit

107 1127 143 1155 a.
173 1113 219 1155 in
240 1110 425 1168 periculo
453 1125 554 1160 esse,
583 1125 671 1165 quae
699 1111 939 1165 significatio
962 1112 1084 1153 etiam
1105 1112 1211 1165 apud
1241 1111 1443 1154 Caesarem
1463 1118 1611 1154 exstat.
1669 1112 1786 1166 Saepe

104 1181 318 1235 apponitur
345 1179 548 1221 ablativus
579 1192 710 1220 causae
738 1178 848 1219 velut
876 1179 942 1228 Il,
972 1179 992 1220 1
1024 1192 1064 1233 p.
1093 1179 1148 1219 30
1175 1179 1232 1221 in.
1265 1177 1427 1232 feminoe
1454 1178 1596 1221 abortu
1621 1178 1787 1235 pericli-

104 1254 265 1297 tantur3
293 1248 314 1289 1
342 1259 518 1301 prooem.
548 1259 588 1299 p.
617 1246 644 1288 9
673 1245 727 1287 in.
757 1243 866 1297 Quos
894 1258 938 1288 eo
966 1245 1069 1288 nihil
1097 1252 1264 1288 tentasse
1284 1246 1444 1303 judico,
1472 1247 1570 1303 quia
1598 1261 1714 1290 nemo
1741 1246 1787 1290 in

104 1315 320 1372 eplendida
341 1327 521 1370 persona
543 1311 776 1369 periclitari
803 1312 1033 1368 conjectura
1061 1328 1138 1355 sua
1165 1312 1344 1356 voluerit.

214 1381 505 1439 Perpetuus
533 1381 756 1435 saepissime
786 1380 932 1422 dicitur
960 1382 1009 1423 de
1038 1394 1106 1431 eo,
1136 1382 1242 1435 quod
1269 1381 1311 1423 in
1331 1394 1470 1424 omnes
1489 1381 1599 1424 valet
1618 1388 1661 1425 et.
1678 1396 1786 1424 sem-

104 1463 176 1505 per
203 1450 443 1492 servandum
474 1454 537 1490 est
565 1447 758 1504 (contrar.
781 1449 1022 1504 proprius),
1049 1449 1161 1490 velut
1187 1449 1229 1499 I,
1257 1449 1285 1490 3
1313 1461 1352 1502 p.
1376 1445 1427 1490 17
1444 1449 1500 1491 in.
1530 1450 1640 1505 quod
1667 1449 1712 1492 in
1731 1450 1786 1492 iis

104 1532 245 1560 verum
271 1524 350 1567 eet,
381 1516 526 1573 quibus
553 1539 610 1547 —
638 1540 714 1565 -,
737 1521 980 1572 perpetuum
1008 1516 1052 1557 in
1080 1515 1265 1559 omnibus
1292 1530 1373 1558 non
1402 1522 1469 1559 est.
1526 1517 1599 1560 cfr
1628 1517 1710 1560 Cic.
1733 1518 1783 1560 de

103 1585 171 1628 Or.
200 1587 241 1635 2,
270 1586 337 1634 32,
369 1584 463 1625 141:
487 1584 676 1640 perpetui
695 1583 807 1640 juris
835 1589 872 1625 et
899 1584 1080 1626 universi
1103 1585 1263 1639 yeneris
1291 1584 1467 1640 quoestio.

213 1651 566 1701 Perseverare,
597 1651 646 1691 de
676 1652 796 1692 rebus
826 1657 1075 1705 usurpatum,
1103 1652 1131 1693 i.
1156 1657 1220 1693 est
1238 1665 1275 1693 a.
1305 1665 1467 1694 manere
1494 1651 1574 1702 VI,
1594 1652 1635 1702 6,
1657 1651 1708 1694 16
1728 1653 1782 1695 in.

0 1694 25 1776 Ξ
102 1719 238 1776 Atque
265 1720 310 1761 in
335 1719 484 1775 primis
512 1718 557 1759 in
585 1717 831 1774 quibusdam
852 1725 1086 1774 perseverat
1104 1719 1233 1761 tenuis
1244 1719 1405 1774 pituitoe
1423 1732 1579 1761 cursus.
1608 1719 1728 1771 VIII,
1742 1720 1783 1771 9,

106 1788 126 1829 l
157 1788 226 1829 fin.
255 1800 335 1842 quo
364 1785 447 1828 loco
476 1785 651 1828 maxime
678 1784 823 1827 humor
850 1785 895 1827 in
923 1800 971 1828 ea
991 1785 1287 1842 perseverabit,
1329 1785 1388 1828 ibi
1421 1800 1507 1843 pus
1541 1787 1783 1843 proximum

103 1855 193 1897 erit.
251 1854 392 1897 Simile
428 1853 655 1908 exemplum
691 1859 756 1895 est.
790 1853 896 1895 Plin.
927 1867 989 1908 ep.
1019 1853 1067 1904 6,
1096 1855 1172 1903 20,
1204 1853 1256 1897 19
1284 1860 1433 1897 tremor
1458 1859 1576 1896 terroe
1597 1868 1784 1911 perseve-

102 1921 220 1964 rabat
236 1920 290 1978 ¹).

214 1987 353 2041 Quod
374 1988 598 2045 pertinet
625 1988 686 2030 ad
715 1989 823 2043 apud
851 1987 1015 2030 Celsum
1045 2002 1124 2030 non
1154 2002 1244 2031 raro
1273 1988 1476 2031 invenitur
1502 2002 1575 2043 pro
1603 2001 1650 2030 eo
1678 1990 1783 2044 quod

103 2056 285 2099 Ciceroni
314 2057 503 2098 usitatius
533 2063 597 2098 est
625 2056 732 2112 quod
760 2055 901 2098 attinet
927 2056 983 2098 ad
1011 2055 1111 2112 (vid.
1140 2062 1276 2098 tamen
1307 2056 1390 2098 Cio.
1419 2056 1562 2098 Planc.
1584 2057 1623 2107 3,
1641 2053 1668 2099 7
1686 2072 1783 2099 nam

102 2124 211 2180 quod
239 2124 295 2164 ad
316 2122 518 2180 populum
540 2123 735 2180 pertinet,
763 2137 920 2179 semper
948 2123 1162 2180 diynitatis
1190 2124 1354 2180 iniquus
1379 2123 1506 2180 judex
1534 2130 1592 2166 est
1618 2125 1692 2180 qui
1711 2131 1783 2167 aut

103 2190 259 2233 invidet
286 2195 357 2232 aut
383 2189 524 2246 favet).
581 2191 718 2232 Verbo
747 2190 944 2233 attinendi
972 2191 1112 2233 Celsus
1146 2205 1226 2233 uno
1255 2192 1343 2233 loco
1371 2190 1499 2233 utitur
1532 2191 1658 2242 VIII,
1686 2193 1714 2234 4
1742 2206 1782 2246 p.

103 2255 198 2308 337,
225 2259 280 2299 22
308 2255 467 2309 Cetera,
497 2272 586 2314 quoe
613 2258 670 2299 ad
697 2272 901 2307 somnum,
934 2257 1014 2300 eibi
1041 2259 1309 2308 desiderium,
1341 2257 1526 2316 febrm,
1560 2259 1686 2316 puris
1714 2274 1782 2302 co-

101 2325 227 2367 lorem
254 2324 442 2375 attinent,
484 2325 624 2368 eadem
659 2339 749 2382 quoe
776 2325 822 2366 in
849 2325 988 2367 ceteris
1015 2326 1244 2368 vulneribus
1272 2325 1333 2368 vel
1358 2324 1556 2367 salutaria
1583 2326 1644 2369 vel
1670 2341 1781 2369 mor-

102 2393 228 2451 tifera
255 2398 359 2434 cunt.
415 2392 570 2435 Contra
592 2392 797 2448 pertinere
826 2393 934 2446 apud
963 2406 1053 2435 eum
1082 2393 1447 2448 frequentissimum
1477 2398 1554 2436 est.
1611 2394 1737 2437 Velut
1759 2396 1782 2437 Ι

102 2473 279 2515 prooem.
309 2473 349 2514 p.
382 2459 449 2510 10,
481 2461 532 2501 13
576 2457 694 2511 Quod
736 2460 792 2501 ad
820 2458 1122 2503 Erasistratum
1148 2461 1340 2518 pertinet,
1363 2461 1551 2517 primum
1577 2461 1670 2519 ipsa
1697 2463 1781 2505 evi-

101 2527 240 2570 dentia
267 2526 354 2584 ejus
381 2528 565 2583 opinioni
591 2533 804 2584 repuynat.
860 2528 900 2578 I,
929 2528 956 2569 3
984 2542 1022 2584 p.
1052 2529 1128 2578 20,
1157 2530 1232 2571 31:
1275 2526 1394 2581 Quod
1429 2527 1486 2569 ad
1523 2534 1656 2571 oetatee
1688 2543 1780 2572 vero

97 2595 283 2652 pertinet,
325 2594 507 2638 inediam
524 2593 727 2651 facillime
754 2594 950 2637 sustinent
976 2596 1118 2639 mediae
1146 2602 1299 2647 oetates,
1332 2596 1469 2638 minus
1493 2594 1672 2652 juvenes,
1699 2597 1780 2640 mi-

102 2662 210 2705 nime
231 2661 356 2718 pueri
382 2668 419 2704 et
445 2668 637 2705 senectute
664 2660 843 2718 confecti.

212 2728 429 2786 Porriqi
455 2730 648 2784 peculiari
676 2730 965 2784 significatione
994 2730 1042 2772 de
1071 2744 1174 2785 aegro
1193 2731 1354 2774 homine
1373 2731 1534 2782 dicitur,
1562 2731 1674 2785 cujus
1692 2731 1781 2774 vita.

101 2796 144 2838 in
172 2801 329 2851 tempus
357 2797 517 2852 aliquod
545 2803 733 2839 servatur
760 2798 824 2846 H,
852 2797 878 2839 5
907 2797 963 2840 in.
1020 2797 1167 2855 Neque
1194 2798 1284 2841 vitoe
1311 2797 1395 2841 alia
1422 2813 1514 2856 spes
1540 2798 1586 2841 in
1617 2799 1780 2856 maqnie

103 2862 222 2906 malis
263 2870 336 2914 est,
379 2879 504 2921 quam
535 2870 581 2906 ut
608 2864 802 2922 impetum
830 2863 962 2907 morbi
989 2865 1181 2909 trahendo
1209 2865 1359 2924 aliquis
1386 2866 1561 2925 effuqiat
1579 2867 1779 2924 porr-iqa-

102 2937 247 2988 turque
273 2931 319 2973 in
345 2931 393 2973 id
419 2938 593 2989 tempue,
621 2932 731 2989 quod
758 2931 961 2975 curationi
987 2931 1119 2976 locum
1143 2940 1318 2991 proestet.
1347 2957 1399 2966 —-
1429 2934 1614 2976 Klotzius
1633 2934 1675 2976 in
1695 2935 1776 2977 lex.

168 3087 195 3136 ¹)
223 3090 303 3127 Hoc
332 3090 543 3137 exemplum
572 3091 705 3128 attulit
733 3091 964 3139 Lagei-gren,
1002 3093 1056 3129 De
1085 3091 1166 3130 vita
1193 3093 1231 3130 et
1260 3092 1469 3130 elocutione
1497 3090 1538 3130 C.
1566 3091 1681 3130 Plinii
1700 3090 1775 3131 Cae-

105 3146 183 3184 cilii
201 3147 370 3185 Secundi.
398 3148 631 3195 Ups.1872.
662 3161 750 3197 pag.
787 3150 879 3186 122.
