2106 3658
358 353 409 391 88
1041 348 1080 386 C.
1111 349 1155 385 A.
1185 349 1330 387 Broldn.

465 465 750 507 Etiamnum
778 467 989 515 usurpatur
1015 463 1065 503 do
1093 475 1135 503 re
1163 462 1408 515 adjicienda,
1437 469 1482 505 ut
1509 464 1611 506 idem
1638 465 1691 508 sit
1721 470 1840 518 utque
1864 465 1995 515 etiana,

350 538 564 589 proeterea,
593 543 727 587 porro.
793 529 872 569 Hic
913 541 1006 569 usus
1049 541 1167 582 quum
1210 530 1446 582 scriptorum
1480 530 1555 580 sit,
1597 531 1661 585 qui
1696 537 1784 585 post
1822 530 1994 583 Augusti

354 604 509 639 aetatem
552 593 779 650 fueruntl),
822 595 926 647 apud
965 594 1124 635 Celsum
1165 607 1242 636 non
1279 607 1368 636 raro
1404 595 1612 638 invenitur.
1655 597 1709 647 V,
1743 595 1816 645 26,
1851 596 1907 638 20
1940 596 1993 638 in.

356 662 440 705 His
466 661 631 717 coynitie
658 660 873 702 etiamnum
900 660 1086 715 quoedam
1114 659 1196 701 alia
1224 660 1420 702 noscenda
1437 668 1539 703 mnt.
1570 663 1666 713 VII,
1685 664 1725 712 4,
1742 664 1770 706 4
1788 662 1843 704 in.
1885 661 1996 703 Pro-

352 729 488 785 priam
529 728 743 769 etiamnum
785 724 1168 767 animadvmionem
1211 726 1438 768 deoida-rant
1478 741 1532 768 σω
1566 728 1758 786 (Ῑὶειιιῖω),
1803 741 1892 784 quoe
1919 751 1994 771 -.

354 795 457 842 VII,
486 793 540 835 29
578 806 615 846 p.
645 792 742 840 318,
776 791 830 833 28
880 790 1060 847 Alioeque
1095 792 1312 833 etiamnum
1348 792 1601 850 difficultates
1626 793 1800 845 faciunt,
1841 800 1887 835 ut
1920 817 1994 836 -.

352 860 427 909 IV,
456 862 482 900 2
512 872 549 911 p.
582 859 674 907 123,
704 858 770 899 23.
808 858 862 906 V,
894 857 956 906 19,
985 858 1050 899 28.
1080 858 1156 907 VI,
1185 857 1224 907 6,
1252 860 1291 899 2.
1330 859 1427 908 VII,
1455 858 1563 902 6.in.
1591 861 1686 910 VII,
1714 858 1792 910 'm
1816 860 1869 902 in.
1899 861 1995 910 VII,

352 926 427 974 26,
455 927 481 965 2
511 938 548 977 p.
577 924 684 973 308,
717 924 778 966 18.
809 924 867 965 Ib.
898 937 936 976 p.
966 923 1067 972 309,
1100 924 1162 966 14.
1190 925 1251 966 Ib.
1282 938 1320 977 p.
1348 925 1448 975 310,
1467 922 1505 967 7.
1537 949 1590 957 -
1618 925 1855 968 Etiamnum
1882 938 1993 968 com-

353 991 542 1044 parativis
570 990 750 1043 adjungi,
776 1003 896 1043 supra
924 996 1159 1031 annotatum
1189 997 1263 1032 est.

459 1057 669 1098 Frustra
698 1069 767 1109 pro
796 1056 992 1108 adjectivo
1021 1057 1180 1109 ponitur
1208 1070 1294 1098 cum
1324 1058 1445 1099 verbo
1473 1071 1574 1108 esse,
1602 1064 1647 1100 ut
1674 1059 1720 1100 fit
1747 1058 1851 1113 apud
1868 1058 1994 1100 Pluu-

351 1132 456 1172 tum,
487 1124 595 1171 Liv„
631 1123 884 1164 historiarum
910 1122 1142 1175 scriptores:
1176 1124 1260 1172 111,
1290 1126 1317 1165 2
1351 1137 1389 1178 p.
1419 1121 1492 1174 76,
1526 1125 1575 1164 13
1610 1125 1708 1180 quia
1734 1123 1888 1166 curatio
1915 1124 1995 1165 mi-

351 1205 427 1232 nus
462 1189 515 1231 iis
537 1189 723 1244 prodeat,
756 1189 800 1230 in
829 1187 971 1243 quibus
998 1189 1159 1231 assidue
1184 1189 1343 1244 frustra
1369 1190 1465 1245 fuit.
1509 1190 1632 1240 VIII,
1661 1192 1714 1231 20
1748 1203 1787 1244 p.
1816 1190 1898 1234 359
1925 1191 1995 1231 flu.

350 1258 439 1299 Uno
478 1256 563 1296 loco
597 1255 700 1296 idem
737 1260 798 1296 est
833 1261 952 1308 atque
971 1253 1106 1311 salso,
1149 1268 1266 1308 quum
1295 1256 1620 1310 significationem
1662 1263 1807 1311 praeter
1834 1257 1992 1299 Celsum

349 1323 452 1376 apud
481 1323 594 1372 Ter„
633 1323 728 1363 Tac.
765 1321 932 1362 inveniri
973 1321 1070 1362 dicit
1097 1321 1352 1378 Handius²):
1404 1323 1528 1370 VIII,
1563 1323 1591 1364 4
1627 1336 1665 1376 p.
1694 1324 1796 1372 333,
1832 1324 1881 1364 21
1928 1335 1994 1372 ne,

349 1403 473 1445 quum
514 1389 558 1430 in
601 1387 794 1443 quosdam
835 1385 1037 1429 naturales
1078 1387 1190 1429 sinus
1231 1389 1434 1439 inciderit,
1477 1389 1702 1446 opinionem
1736 1389 1863 1445 fracti
1895 1389 1996 1432 ouis

346 1454 502 1506 frustra
521 1454 667 1512 faciat.

456 1519 507 1562 H
512 1521 622 1561 aud.
680 1519 966 1561 Annotandum
1003 1519 1158 1561 videtur
1193 1533 1299 1570 esse,
1343 1521 1447 1563 hanc
1483 1522 1729 1575 negationem
1767 1523 1873 1577 apud
1902 1522 1996 1565 oel-

347 1601 433 1629 sum
464 1587 536 1628 nisi
566 1600 642 1628 uno
671 1587 756 1627 loco
786 1598 862 1626 non
893 1586 1073 1627 inveniri:
1104 1587 1208 1635 V11,
1237 1586 1263 1628 9
1293 1601 1331 1641 p.
1352 1587 1454 1637 285,
1475 1585 1502 1630 '7
1523 1587 1632 1629 haud
1653 1589 1823 1630 omnino.
1859 1589 1995 1631 Etiam

350 1654 454 1707 apud
484 1653 777 1699 Quintilianum
807 1652 890 1693 haec
918 1658 1021 1706 part.
1050 1653 1261 1694 admodum
1291 1667 1382 1696 rara
1410 1661 1488 1696 est:
1527 1655 1566 1704 1,
1597 1655 1642 1705 l,
1669 1655 1709 1696 4.
1751 1656 1823 1705 10,
1854 1656 1900 1706 l,
1927 1654 1994 1698 85.

352 1721 422 1770 10,
449 1720 496 1769 3,
525 1718 639 1775 26³).

457 1787 802 1834 Intrinseoue,
830 1785 1016 1827 rariorem
1046 1786 1211 1827 formam
1241 1799 1312 1840 pro
1341 1793 1442 1840 part.
1472 1787 1597 1837 intus,
1626 1786 1765 1830 celsus
1784 1787 1905 1829 habet
1918 1788 1995 1838 IV,

351 1855 368 1895 l
401 1867 439 1908 p.
473 1854 563 1902 121,
596 1854 644 1893 13
672 1851 800 1894 Jecur
826 1875 878 1882 —-
907 1852 1145 1894 intrinsecus
1172 1866 1329 1902 cavum,
1367 1846 1606 1895 extr-{mem
1629 1853 1803 1908 yiblmm.

456 1920 535 1961 Ita
573 1919 759 1961 demum
795 1924 839 1960 ut
873 1919 978 1971 apud
1017 1919 1253 1960 recentiores
1281 1920 1492 1972 scriptores
1521 1919 1680 1973 ponitur
1716 1933 1786 1974 pro
1815 1933 1862 1961 eo
1890 1922 1994 1974 quod

347 1993 410 2028 est
437 1993 522 2028 tum
549 1986 711 2028 demum
740 1986 825 2034 III,
853 1985 902 2025 21
943 1998 981 2038 p.
1015 1982 1105 2035 107,
1135 1985 1189 2027 26
1221 2000 1317 2027 nam
1353 1985 1390 2026 εἰ
1419 1985 1514 2042 plm
1548 1985 1725 2027 humoris
1752 1986 1995 2037 excernitur,

348 2069 470 2109 quam
497 2053 732 2100 assumitur,
761 2051 818 2092 itu
845 2051 1006 2092 demum
1032 2051 1210 2092 secundae
1237 2051 1473 2094 valetudinis
1501 2065 1592 2108 spes
1618 2059 1686 2094 est.
1729 2053 1850 2094 Alter
1872 2053 1996 2104 locus,

347 2133 459 2175 quem
489 2133 540 2161 ex
568 2118 765 2172 prooemio
796 2118 884 2158 libri
914 2118 1029 2170 primi
1059 2118 1173 2159 affert
1201 2118 1456 2173 Handius4),
1486 2132 1589 2160 nuno
1617 2124 1791 2160 mutatus
1818 2125 1894 2161 est.

453 2184 494 2227 J
497 2192 618 2227 uxta
659 2190 702 2226 et
742 2197 812 2238 pro
855 2184 1044 2225 adverbio
1086 2191 1127 2225 et
1167 2191 1352 2238 sequente
1396 2185 1622 2227 accusativo
1658 2185 1796 2226 Celsus
1830 2186 1880 2227 de
1909 2186 1994 2228 loco

347 2258 531 2306 usurpat3
559 2252 677 2292 semel
706 2251 793 2292 haec
821 2251 1020 2304 particula
1047 2251 1302 2292 insolentiore
1331 2251 1616 2304 significatione
1645 2252 1692 2292 de
1720 2257 1896 2306 tempore
1922 2265 1996 2307 po·

347 2321 474 2368 uitur,
510 2324 554 2360 ut
587 2318 692 2359 idem
729 2318 784 2358 sit
811 2323 929 2370 atque
962 2318 1095 2359 statim
1115 2324 1230 2372 post.-
1266 2318 1330 2366 II,
1360 2317 1411 2359 16
1438 2318 1492 2359 in.
1534 2331 1658 2374 neque
1685 2319 1791 2360 em‘m
1817 2321 1996 2361 convenit

339 2387 463 2443 juxta
490 2384 666 2427 inediam
691 2382 875 2437 protinus
902 2384 1118 2424 satietatem
1144 2397 1236 2426 esee.

455 2450 532 2494 Ne
560 2463 630 2504 pro
658 2457 701 2491 ut
729 2464 806 2491 non
834 2449 986 2503 aliquot
1014 2449 1122 2491 locis.
1152 2451 1239 2500 III,
1271 2450 1322 2492 14
1353 2451 1410 2492 εἰσ
1436 2451 1542 2493 enim
1560 2451 1678 2508 fore,
1714 2464 1765 2494 ne
1792 2473 1865 2492 -—.
1910 2451 1994 2502 111,

350 2515 400 2560 17
427 2531 529 2574 (ια-ρο
545 2517 618 2574 fit,
647 2530 697 2558 ne
725 2539 794 2557 -.
823 2516 900 2564 IV,
929 2516 995 2557 32.
1025 2517 1107 2565 VI,
1135 2513 1175 2565 7,
1203 2516 1231 2557 8
1257 2516 1311 2557 in.
1331 2540 1385 2547 —-
1412 2517 1604 2566 IV,8in.
1633 2516 1793 2559 accessit
1817 2516 1864 2558 id
1891 2531 1994 2573 quo-

346 2599 442 2641 que,
477 2598 528 2626 ne
555 2606 627 2624 -.
673 2583 755 2631 VI,
783 2581 830 2632 6,
860 2581 886 2623 9
921 2582 987 2624 fin.
1048 2581 1110 2637 ,At
1142 2584 1179 2624 ai
1219 2582 1401 2624 induruit
1437 2581 1604 2636 (oculus)
1641 2582 1772 2625 etesia
1797 2589 1994 2626 emortuus

346 2658 419 2701 est,
446 2664 496 2693 ne
521 2650 566 2692 in
590 2662 669 2706 pus
697 2654 921 2691 verteretur.

412 2812 438 2862 ¹)
467 2815 588 2851 Hand.
619 2826 647 2850 s·
678 2827 714 2851 v.
745 2825 832 2861 pag.
856 2813 950 2851 585.

403 2869 436 2918 ²)
465 2872 502 2909 S.
533 2884 568 2909 v.
598 2883 685 2919 pag.
710 2872 804 2908 747.

405 2926 436 2976 ³)
466 2929 717 2972 Ttrnebladh,
761 2929 815 2965 De
849 2940 916 2964 usu
950 2928 1217 2975 particularum
1251 2928 1350 2974 apud
1384 2928 1663 2972 Quintilianum.
1713 2927 1834 2966 Holm.
1867 2928 1987 2965 1861.

348 2998 433 3033 pag.
466 2988 531 3022 50.
592 2986 653 3022 Otr
682 2988 860 3031 praeterea
895 2998 976 3031 quae
1017 2986 1062 3021 de
1096 2985 1167 3021 huo
1196 2985 1382 3031 particula.
1409 2986 1578 3032 exposuit
1606 2987 1771 3033 Draeger,
1810 2986 1990 3023 ”Histori-

347 3044 431 3079 eche
460 3043 601 3089 syntax
630 3043 694 3079 der
723 3043 966 3080 lateinischen
995 3042 1197 3089 Sprache”,
1227 3053 1314 3089 pag.
1340 3043 1416 3079 113
1448 3054 1528 3089 sqq.

406 3097 437 3145 ⁴)
465 3099 502 3136 S.
533 3112 568 3135 v.
597 3100 738 3135 demum
766 3111 853 3147 pag.
877 3101 972 3137 255.
