2106 3658
536 336 590 374 De
618 338 827 375 elocutione
855 335 901 374 A.
931 334 1092 373 Cornelii
1121 334 1229 373 Celsi.
1706 334 1727 370 5

53 456 107 497 23
135 455 203 496 fin.
231 454 310 510 IV,
329 450 356 495 '7
374 453 442 494 fin.
472 454 548 503 IV,
574 454 622 495 13
653 450 796 509 med.).
854 452 992 508 Atque
1021 453 1238 507 ambigitur
1267 449 1427 505 quidem
1456 451 1562 493 inter
1590 450 1731 491 doctos

54 523 181 572 viros,
211 535 303 563 num
332 521 418 574 ipse
448 534 602 576 quoque
631 521 772 563 Celsus
802 521 984 562 medendi
1014 526 1141 563 artem
1172 520 1373 574 professus
1402 518 1480 568 sit,
1523 530 1650 572 neque
1681 531 1732 558 ex

54 589 102 631 iis
131 588 250 638 locis,
279 589 345 643 qui
375 601 427 630 ex
456 589 569 630 libris
599 589 684 642 ejus
714 589 941 629 afferuntur
960 588 1018 644 ¹),
1048 589 1148 630 satis
1178 591 1368 641 apparet,
1411 592 1545 628 utrum
1574 591 1616 627 et
1643 585 1730 639 ipse

54 663 180 699 artem
210 657 454 705 exercuerit,
483 670 533 697 an
565 670 635 709 per
665 656 785 696 libros
815 662 858 696 et
886 656 1052 697 aliorum
1084 657 1360 709 experimenta
1398 653 1591 696 didicerit.
1649 653 1732 695 Ut-

54 737 220 778 cumque
249 729 380 765 autem
412 730 474 764 est
505 747 557 754 -
587 736 715 777 neque
744 723 922 777 equidem
953 724 1059 764 hanc
1089 723 1349 777 quaestionem
1380 722 1514 775 magni
1541 721 1732 766 momenti

54 804 138 832 esse
180 791 405 845 putaverim
436 815 488 820 —
519 796 627 832 certe
672 791 794 831 libros
832 803 925 831 suos
962 792 1021 832 ita
1050 790 1296 844 composuit,
1340 794 1385 830 ut
1414 789 1585 830 etiamsi*
1603 794 1731 830 artem

52 859 228 912 profiteri
257 858 446 907 noluerit,
479 872 568 899 eum
600 865 732 900 tamen
763 858 939 911 potuisse
969 859 1145 912 profiteri
1175 858 1291 898 facile
1321 870 1457 898 omnes
1497 857 1731 898 concedant.

54 925 188 980 Atque
217 926 344 967 altera
372 939 526 980 quoque
557 939 620 967 res
650 931 732 975 est,
761 939 839 979 qua
869 927 1165 979 comprobatur,
1194 925 1357 967 Celsum
1386 925 1555 966 aliorum
1575 923 1731 977 opinio-

54 994 169 1034 nibus
199 1006 278 1034 non
309 993 511 1034 addictum
543 994 688 1041 fuisse,
730 994 798 1034 sed
837 998 879 1034 et
914 1006 986 1035 suo
1018 993 1164 1046 judicio
1194 993 1355 1034 stetisse
1385 998 1425 1033 et
1454 993 1503 1033 de
1533 992 1733 1033 medicina

55 1061 206 1115 optime
235 1074 323 1102 esse
353 1060 550 1102 meritum.
609 1061 750 1114 Neque
781 1060 884 1101 enim
915 1061 955 1102 in
989 1061 1168 1114 eligendo
1186 1060 1328 1100 solum
1357 1073 1515 1101 summa
1550 1059 1733 1100 doctrina

54 1133 174 1182 atque
218 1128 432 1182 prudentia
475 1142 569 1169 usus
614 1135 697 1178 est,
740 1128 810 1168 sed
847 1128 907 1168 ita.
944 1128 1064 1169 etiam
1103 1128 1276 1181 putabat
1304 1141 1346 1167 se
1375 1127 1548 1168 maxime
1579 1126 1733 1168 civibus

57 1195 139 1237 suis
168 1201 209 1236 et
238 1196 315 1237 arti
353 1195 558 1237 medicinae
601 1196 868 1249 profuturum,
897 1195 933 1236 si
962 1209 1024 1245 ea,
1055 1208 1142 1249 quae
1172 1195 1235 1236 vel
1266 1195 1410 1235 medici
1440 1194 1585 1235 litteris
1616 1208 1733 1235 man-

55 1263 220 1304 dassent
261 1263 325 1303 vel
369 1263 527 1304 aliunde
559 1263 784 1304 hominibus
814 1263 1010 1304 salutaria
1040 1276 1126 1303 esse
1157 1263 1437 1315 comperisset,
1482 1275 1560 1303 non
1604 1262 1733 1303 solum

55 1330 379 1380 enumeravisset,
408 1331 478 1371 sed
507 1331 547 1371 in
579 1337 690 1372 certa
718 1331 900 1384 quaedam
931 1344 1078 1384 genera
1107 1330 1274 1371 diducta
1303 1335 1343 1370 et
1372 1329 1411 1369 in
1450 1343 1570 1370 unum
1611 1329 1733 1370 disci-

53 1397 172 1451 plinae
202 1411 344 1451 corpus
373 1398 542 1439 collecta
570 1398 833 1451 exposuisset.
891 1398 1031 1452 Itaque
1060 1411 1108 1438 ea
1137 1411 1225 1452 quae
1255 1398 1379 1438 affert
1397 1397 1456 1438 ita
1477 1397 1604 1450 perite
1622 1410 1734 1438 com-

54 1465 189 1518 posuit
231 1471 495 1519 accurateque
539 1465 764 1515 distribuit,
807 1471 853 1506 ut
895 1471 936 1506 et
979 1465 1164 1513 Graecos,
1208 1464 1274 1518 qui
1313 1470 1406 1505 ante
1437 1478 1525 1505 eum
1558 1466 1733 1514 fuerant,

56 1531 172 1573 facile
214 1539 423 1586 superaret
466 1539 505 1573 et
547 1533 696 1586 primus
741 1532 979 1573 medicinam
1018 1533 1070 1573 ad
1101 1539 1252 1573 certam
1284 1532 1383 1573 artis
1414 1538 1534 1586 atque
1565 1532 1733 1573 rationis

57 1601 221 1640 formam
265 1599 461 1653 redegisse
506 1601 705 1653 putandus
750 1600 817 1640 sit.
879 1599 971 1646 Quo
1015 1601 1166 1641 factum
1206 1605 1287 1649 est,
1331 1606 1376 1641 ut
1415 1600 1454 1640 in
1487 1599 1593 1641 Celsi
1623 1599 1733 1640 libris

56 1666 252 1720 potiorem
282 1667 457 1721 antiquae
488 1667 694 1708 medicinae
725 1673 878 1720 partem
909 1668 1085 1709 breviter
1114 1672 1154 1708 et
1185 1674 1373 1709 accurate
1405 1668 1732 1721 comprehensam

55 1734 303 1788 dilucideque
333 1742 562 1776 enarratam
593 1735 842 1776 inveniamus
860 1734 912 1790 ²).

167 1799 324 1847 Quibus
355 1802 403 1842 de
433 1802 563 1843 causis
593 1816 712 1856 quum
742 1803 847 1843 inter
885 1815 971 1851 eos,
1015 1801 1079 1855 qui
1118 1801 1326 1843 medicinae
1361 1802 1546 1851 student,
1590 1816 1731 1845 nomen

55 1867 141 1920 ejus
171 1881 328 1922 semper
358 1882 542 1922 magnum
574 1870 708 1918 fuerit,
739 1875 823 1910 tum
855 1883 946 1910 vero
976 1869 1179 1910 scribendi
1211 1874 1296 1910 arte
1327 1882 1436 1922 aeque
1453 1870 1635 1920 excellit,
1664 1885 1733 1913 ce-

55 1941 241 1989 terosque
287 1936 354 1990 qui
395 1937 536 1978 Romae
580 1938 825 1978 exstiterunt
868 1936 1073 1978 medicinae
1103 1936 1315 1989 scriptores
1346 1950 1424 1977 non
1456 1939 1583 1990 magis
1612 1953 1733 1992 argu-

56 2009 278 2044 mentorum
308 2003 423 2057 copia
452 2009 494 2044 et
522 2011 808 2057 praeceptorum
839 2004 1036 2057 gravitate
1067 2009 1229 2057 superat
1250 2017 1367 2057 quam
1388 2006 1585 2046 sermonis
1607 2007 1733 2049 nitore

56 2076 176 2124 atque
205 2070 418 2123 elegantia.
475 2071 542 2112 Ad
573 2073 678 2126 quod
707 2072 802 2112 illud
833 2085 986 2126 quoque
1015 2078 1198 2124 spectare
1218 2072 1358 2120 credo,
1389 2073 1490 2125 quod
1513 2086 1730 2126 cognomen

57 2136 94 2177 ei
135 2137 303 2179 inditum
348 2144 413 2179 est
453 2138 698 2180 medicorum
731 2137 879 2181 Cicero.
939 2139 1075 2192 Neque
1107 2138 1267 2180 difficile
1298 2145 1359 2179 est
1386 2140 1537 2190 videre,
1582 2149 1732 2195 quanto

57 2204 198 2246 Celsus
228 2205 369 2246 ceteris
398 2213 563 2258 praestet
592 2207 796 2248 medicinae
825 2206 1100 2260 scriptoribus.
1159 2205 1239 2252 Qui
1277 2206 1382 2247 enim
1419 2220 1496 2248 non
1536 2210 1650 2250 multi
1679 2211 1730 2251 ad

58 2277 237 2312 nostram
280 2277 439 2313 aetatem
485 2281 751 2327 pervenerunt
795 2274 886 2314 libri
915 2275 966 2315 ab
997 2274 1086 2314 aliis
1116 2274 1165 2313 de
1195 2274 1497 2315 medicamentis
1527 2282 1567 2317 et
1597 2290 1731 2319 eorum

58 2338 343 2392 compositione
374 2341 610 2394 conscripti,
639 2348 678 2382 et
708 2341 883 2395 plerique
914 2354 964 2381 ex
990 2341 1126 2381 infima
1156 2341 1296 2393 linguae
1326 2342 1460 2382 latinae
1482 2349 1602 2384 aetate
1622 2351 1732 2395 sunt,

57 2412 98 2448 et
126 2405 220 2460 quia
248 2406 287 2447 in
320 2407 404 2447 vita
434 2408 667 2461 quotidiana
696 2409 885 2450 continuo
916 2421 990 2449 usu
1021 2407 1320 2449 adhibebantur
1349 2414 1391 2450 et
1420 2409 1651 2463 frequenter
1679 2413 1730 2454 ab

56 2472 227 2515 indoctis
257 2473 484 2515 hominibus
515 2476 858 2526 describebantur,
890 2481 975 2516 tam
1005 2481 1099 2516 sunt
1129 2475 1340 2529 depravati
1366 2482 1528 2531 tamque
1550 2480 1732 2531 pessimis

57 2540 175 2582 rebus
205 2546 247 2582 et
274 2554 454 2582 sermone
483 2541 801 2596 inquinatissimo
845 2543 1001 2592 referti,
1047 2543 1116 2584 vix
1154 2549 1198 2584 ut
1226 2543 1394 2597 intelligi
1424 2545 1577 2598 possint
1606 2561 1732 2602 neque

58 2613 164 2649 certe
207 2607 286 2650 ullo
330 2609 448 2650 modo
477 2623 566 2651 cum
595 2611 878 2664 perspicuitate
908 2616 950 2651 et
979 2610 1176 2663 elegantia
1205 2610 1313 2652 Celsi
1343 2612 1580 2665 comparari.
1637 2615 1732 2657 Jam

58 2686 151 2716 vero
181 2674 298 2728 hujus
326 2689 549 2718 sermonem
581 2684 730 2732 quanta
759 2683 898 2720 secuta
927 2678 981 2719 sit
1011 2678 1245 2727 admiratio,
1290 2691 1341 2719 ex
1375 2679 1451 2720 hoc
1486 2693 1638 2735 quoque
1668 2682 1732 2723 in-

58 2741 260 2795 telligitur,
303 2744 407 2797 quod
450 2757 570 2798 quum
609 2759 685 2787 non
722 2750 944 2795 constaret,
987 2758 1063 2799 quo
1093 2751 1270 2799 tempore
1299 2752 1418 2788 natus
1448 2753 1573 2797 esset,
1618 2750 1733 2792 multi

58 2808 237 2860 fuerunt,
265 2811 332 2864 qui
362 2823 450 2852 eum
482 2825 630 2862 aureae,
659 2827 747 2868 quae
776 2819 962 2861 vocatur,
1006 2812 1119 2854 aetati
1148 2814 1489 2856 adnumerandum
1519 2828 1609 2857 esse
1638 2831 1732 2859 cen-

60 2882 206 2918 serent.
264 2877 382 2925 Quod
412 2891 648 2934 quamquam
671 2882 799 2922 minus
829 2894 879 2922 ex
899 2881 1120 2922 elocutione
1140 2880 1223 2934 ejus
1245 2882 1415 2936 quaesita
1435 2882 1589 2924 ratione
1611 2898 1730 2939 quam

124 3017 151 3068 ¹)
180 3022 266 3060 vid.
297 3023 447 3068 Kissel.,
477 3025 534 3062 1.1.
565 3038 653 3074 pag.
690 3027 766 3063 117
800 3040 881 3074 sqq.

69 3075 241 3173 18320511.
269 3081 477 3178 Ritterzigq
504 3095 688 3130 prooem„
719 3086 896 3130 Hecker.,
932 3085 1178 3123 «Geschiohte
1204 3084 1269 3121 der
1285 3084 1537 3131 Heilkunde»,
1568 3089 1729 3126 Berolin.

178 3163 188 3174 .
239 3165 247 3174 .
279 3150 367 3187 pag.
487 3169 495 3178 .
