2106 3658
356 384 408 420 30
1029 375 1069 412 Ο.
1099 375 1143 411 A.
1174 374 1318 411 Brolon.

462 492 612 547 Optimi
641 491 870 544 scriptores,
899 501 1017 543 quum
1046 487 1281 529 attributum
1311 488 1411 541 quod
1442 487 1601 529 additur
1629 486 1787 540 majoris
1802 486 1988 528 momenti

353 573 438 602 esse
466 559 683 611 significare
713 556 870 603 volunt,
913 560 1107 607 usurpant
1135 554 1216 594 fere
1247 559 1282 596 et
1309 553 1367 603 is,
1408 559 1523 609 atque
1549 553 1606 603 is,
1648 553 1718 596 sed
1749 553 1797 594 is.
1851 552 1989 594 Celsus

353 632 394 667 et
422 626 494 666 hoe
523 623 750 676 pronomine
779 621 903 662 utitur
930 626 970 661 et
998 632 1043 660 eo
1073 620 1176 673 quod
1204 625 1265 660 est
1290 618 1368 661 hic.
1397 621 1419 661 Ι
1447 631 1618 673 prooem.
1646 632 1684 673 p.
1712 619 1752 669 5,
1784 618 1833 659 15
1861 617 1990 660 homi-

353 705 449 733 num
489 688 708 731 nocentium
742 693 778 728 et
812 686 951 728 horum
979 698 1131 741 quoque
1155 699 1376 740 paucorum
1404 684 1624 742 suppliciis.
1653 686 1695 735 Ι,
1721 686 1747 726 3
1774 697 1813 738 p.
1845 683 1908 734 19,
1936 683 1991 727 26

349 755 513 812 paulum
540 754 618 794 cibi
643 753 713 794 sed
740 751 855 807 hujus
882 751 1017 792 idonei
1040 751 1293 805 qustandum.

458 822 594 862 Genus
635 818 875 872 pronominis
914 817 1068 859 relativi
1101 818 1334 858 insolentius
1363 817 1414 858 ad
1443 817 1550 870 prius
1578 818 1741 859 duorum
1769 815 1991 857 substauti-

351 900 503 935 vorum,
532 898 617 938 quae
646 885 904 932 antecedunt,
933 883 1271 925 accommodatum
1301 890 1363 924 est
1389 884 1455 933 II,
1485 885 1549 932 12,
1579 884 1599 924 1
1630 884 1696 924 fin.
1729 881 1835 924 eibos
1857 881 1991 938 potio-

349 966 489 1007 nesque
516 964 735 999 assumere,
763 949 833 1005 qui
859 949 978 990 simul
1003 955 1039 990 et
1065 948 1175 990 alant
1201 956 1237 991 et
1263 955 1434 991 ventrem
1461 947 1650 991 molliant.

458 1016 705 1072 Quicumque
746 1029 817 1069 pro
860 1015 1062 1072 indefinito
1090 1016 1318 1069 pronomine
1346 1022 1559 1069 usurpatur
1586 1016 1667 1065 ΙΙΙ,
1699 1014 1751 1056 18
1778 1027 1816 1067 p.
1844 1013 1912 1063 99,
1939 1013 1994 1055 36

357 1083 478 1126 Utiles
505 1083 624 1124 etiam
651 1083 694 1123 in
723 1081 1026 1138 quibuscumque
1053 1081 1206 1122 viribus
1234 1080 1361 1123 herbae
1388 1081 1480 1122 duoe
1506 1087 1598 1123 sunt
1615 1081 1666 1136 ¹).
1696 1104 1747 1112 —
1775 1080 1830 1128 11,
1857 1079 1911 1120 28
1938 1079 1992 1120 in.

350 1153 388 1191 in
433 1150 604 1190 editione
646 1149 916 1200 Darembergii
958 1154 1037 1189 est:
1079 1146 1215 1189 Facile
1249 1154 1376 1188 autem
1404 1148 1511 1189 intus
1539 1151 1849 1202 corrumpuntur·
1872 1145 1993 1200 panis

338 1216 602 1273 fermentatus
644 1221 679 1256 et
721 1215 900 1270 quisquis
941 1213 1045 1255 alius
1073 1228 1194 1269 quam
1222 1213 1293 1269 qui
1320 1227 1370 1255 ex
1396 1214 1524 1256 tritico
1551 1219 1617 1255 est.
1673 1213 1794 1266 Apud
1822 1212 1993 1264 Targum

350 1289 389 1324 et
416 1282 519 1322 Ritt.
550 1281 747 1322 omittitur
774 1281 911 1321 vocab.
940 1281 1029 1335 qui,
1072 1280 1176 1333 quod
1211 1281 1342 1321 nescio
1378 1293 1456 1333 qua.
1483 1281 1531 1321 de
1559 1292 1683 1321 causa
1709 1278 1896 1320 Daremb.
1925 1289 1994 1318 as-

349 1348 574 1400 sumpserit.
594 1371 646 1379 -—
665 1348 815 1388 Eodem
837 1347 952 1387 modo
972 1352 1089 1399 atque
1109 1346 1343 1401 quicumque
1361 1347 1480 1387 etiam
1500 1333 1823 1401 quandocumque
1847 1343 1995 1384 amissa

349 1415 386 1455 vi
417 1414 584 1455 relativa
612 1425 689 1454 uno
720 1413 802 1454 loco
833 1418 895 1452 est
923 1413 998 1460 IV,
1027 1411 1081 1453 26
1110 1425 1148 1465 p.
1182 1411 1270 1461 152,
1303 1409 1351 1453 17
1383 1411 1574 1462 Tertium,
1602 1411 1708 1466 quod
1725 1409 1994 1467 quandocum-

348 1494 421 1535 que
437 1480 537 1539 fieri
558 1485 686 1535 potest
713 1479 739 1520 i.
767 1491 801 1519 e.
831 1479 1006 1532 quolibet
1033 1484 1223 1531 tempore.

458 1545 795 1599 Interroqativum
830 1557 1038 1597 pronomen
1069 1545 1160 1598 quis
1189 1544 1236 1584 de
1264 1543 1415 1584 duabus
1444 1543 1559 1584 rebus
1587 1543 1730 1584 dicitur
1756 1542 1832 1592 IV,
1862 1540 1914 1583 19
1941 1541 1994 1582 in.

347 1613 449 1654 inter
476 1612 660 1653 intestina
686 1610 1001 1665 stomachumque
1027 1616 1206 1651 versatur
1232 1610 1289 1650 sic
1317 1609 1397 1660 (hic
1425 1608 1621 1662 morbus),
1662 1613 1706 1649 ut
1732 1607 1846 1665 cujus
1868 1607 1995 1663 potis·

349 1679 494 1719 simum
516 1677 650 1733 partis
677 1677 748 1726 sit,
776 1691 855 1718 non
874 1675 1001 1733 facile
1029 1676 1111 1717 dici
1132 1675 1262 1731 possit
1278 1676 1331 1731 ²).

458 1746 518 1785 De
547 1744 840 1797 pronominibus
870 1743 944 1783 hoc
972 1755 1122 1797 quoque
1151 1742 1422 1783 annotandum
1442 1747 1522 1790 est,
1550 1740 1799 1782 substantive
1819 1738 1996 1781 adhiberi

352 1811 550 1851 nonnullis
594 1810 690 1850 locis
733 1823 800 1850 eas
844 1809 1010 1856 formas,
1053 1821 1140 1861 quae
1176 1809 1459 1861 adjectivorum
1488 1808 1573 1849 vice
1603 1806 1708 1860 fungi
1735 1806 1877 1847 solent.
1931 1805 1996 1845 Ite.

351 1883 562 1930 usurpatur
588 1874 662 1917 ulli
687 1876 786 1927 sing.
814 1887 936 1916 masc.
966 1876 1022 1923 V,
1050 1874 1116 1923 28,
1144 1875 1170 1914 2
1198 1887 1236 1928 p.
1265 1871 1347 1915 207
1374 1874 1428 1914 in.
1456 1886 1580 1929 neque
1607 1871 1680 1914 ulli
1706 1885 1895 1928 umquam
1913 1883 1996 1912 me-

351 1942 487 1984 dicina
508 1941 686 1997 profuit3
727 1942 766 1982 id
796 1941 898 1994 quod
926 1941 1121 1981 interdum
1150 1941 1195 1981 fit
1223 1941 1344 1981 etiam
1374 1940 1479 1993 apud
1508 1939 1607 1980 alios
1634 1938 1844 1992 scriptores
1859 1936 1913 1992 ⁸).
1942 1959 1996 1967 -

350 2008 528 2064 Aliquod
555 2008 608 2056 V,
636 2007 702 2056 28,
733 2006 783 2048 19
813 2007 914 2047 med.
943 2012 1076 2046 utrum
1103 2012 1233 2047 autem
1260 2005 1423 2061 aliquod
1449 2005 1589 2047 horum
1623 2002 1799 2046 sanabile
1833 2003 1903 2052 eit,
1943 2017 1998 2044 an

350 2089 429 2116 non
474 2074 544 2122 sit,
587 2074 850 2130 experimento
883 2071 1011 2129 facile
1043 2071 1266 2128 colliqitur,
1281 2078 1321 2113 et
1349 2072 1432 2120 VI,
1459 2068 1498 2121 7,
1526 2072 1553 2112 4
1579 2071 1633 2112 in.
1663 2076 1698 2112 et
1725 2076 1808 2111 tum
1834 2067 1998 2125 aliquod

351 2155 400 2181 ex
427 2141 501 2189 iis,
530 2153 617 2196 quoe
643 2153 769 2194 supra
797 2138 948 2193 scripta
975 2144 1084 2186 sunt,
1108 2138 1214 2193 quod
1232 2137 1308 2179 mel
1324 2137 1481 2187 habeat,
1500 2137 1743 2195 infunditur,
1762 2147 1996 2190 quamquam

351 2208 389 2248 h.
420 2208 446 2249 l.
475 2212 609 2259 potest
638 2207 804 2251 fortasse
832 2205 957 2246 audiri
986 2204 1309 2245 medicamentum
1332 2204 1394 2244 vel
1414 2203 1633 2260 collyrium.
1648 2199 1925 2254 —Quodlibet
1937 2201 1998 2250 H,

354 2271 404 2314 17
433 2286 471 2326 p.
501 2266 653 2321 63‚'2’7
693 2270 889 2327 quodlibet
930 2285 1065 2312 eorum
1107 2268 1338 2325 calefactum
1373 2276 1410 2312 et
1444 2270 1489 2311 in
1515 2269 1678 2311 linteum
1705 2266 1928 2324 conjectum,
1955 2271 1998 2307 et

351 2340 434 2387 VI,
461 2338 502 2388 8,
535 2340 554 2379 1
586 2338 638 2379 in.
667 2352 789 2394 quum
817 2336 1014 2392 quodlibet
1041 2336 1182 2377 horum
1209 2335 1354 2392 aliquis
1380 2336 1552 2378 conterit.
1589 2335 1722 2377 Etiam
1743 2333 1849 2387 apud
1868 2332 1998 2380 Quin-

352 2405 533 2446 tilianum
562 2405 815 2445 inveniuntur
843 2403 1048 2457 exempla,
1077 2403 1145 2444 ubi
1172 2415 1242 2456 pro
1263 2402 1526 2444 substantivis
1545 2405 1784 2456 usurpantur
1802 2399 1998 2453 adjectiva

353 2471 608 2525 pronomina,
650 2477 720 2511 aut
762 2470 957 2522 adjectivo
985 2469 1186 2523 apposito,
1227 2474 1298 2510 aut
1324 2473 1509 2523 sequente
1536 2481 1606 2522 per
1631 2467 1842 2521 genitivum
1869 2464 1998 2518 parti-

352 2538 476 2579 tivum
506 2537 567 2577 vel
597 2549 646 2578 ex
674 2536 989 2590 praepositionem
1018 2535 1140 2576 totius
1169 2534 1244 2584 rei,
1278 2536 1379 2576 unde
1407 2534 1554 2589 aliquid
1582 2533 1761 2582 sumitur,
1800 2530 1998 2584 siguifica-

353 2604 471 2644 tione.
528 2604 593 2644 Ita
621 2601 761 2648 Quint.
790 2601 829 2650 5,
860 2602 923 2650 10,
952 2598 1006 2643 67
1033 2615 1158 2642 unum
1185 2599 1393 2656 quodlibet.
1426 2601 1488 2650 10,
1519 2601 1555 2649 1,
1582 2598 1609 2641 7
1624 2597 1855 2657 proximum
1868 2595 1997 2653 quod-

352 2683 438 2725 que.
472 2670 533 2717 12,
566 2669 602 2718 l,
629 2669 685 2709 44
725 2681 848 2708 unum
889 2680 938 2709 ex
979 2667 1030 2708 iis
1070 2665 1277 2723 quodlibet.
1333 2667 1466 2708 Unum
1494 2665 1614 2706 etiam
1642 2663 1860 2718 exemplum
1887 2663 1997 2704 Bon-

352 2735 479 2776 nellus
507 2735 546 2775 in
575 2734 867 2786 Prolegomenis
885 2732 924 2788 ⁴³)
954 2733 1094 2781 habet,
1122 2732 1260 2780 Quint.
1281 2732 1320 2781 5,
1342 2733 1405 2782 10,
1427 2732 1504 2773 123
1521 2729 1824 2787 unumquodque
1842 2741 1997 2778 eorum,-

355 2814 400 2842 eo
430 2807 565 2842 autem
595 2800 794 2842 Ciceronis
824 2800 927 2848 loco,
955 2799 1019 2853 qui
1048 2799 1100 2840 ab
1129 2799 1264 2840 eodem
1294 2799 1472 2847 affertur,
1499 2797 1618 2839 Rosc.
1646 2797 1740 2838 Am.
1769 2795 1836 2845 30,
1863 2794 1917 2836 83
1939 2793 1997 2836 le-

351 2867 450 2907 viter
476 2866 780 2922 unumquodque
807 2871 988 2920 tanqam,
1018 2864 1253 2907 recentiores
1281 2864 1451 2906 editores
1478 2863 1658 2905 scribunt
1683 2859 1995 2917 unumquidque.

421 2974 446 3023 ¹)
476 2978 530 3013 De
557 2977 628 3013 hoc
656 2987 723 3011 usu
752 2976 826 3012 vid.
857 2975 1020 3022 Madvig.
1051 2974 1099 3011 ad
1126 2973 1200 3011 Cic.
1231 2973 1334 3018 Pin„
1365 2984 1555 3011 exem-sum
1582 2972 1635 3011 VI
1662 2983 1750 3020 pag.
1781 2970 1876 3008 834.

412 3030 444 3078 ²)
473 3033 533 3069 cfr
561 3034 720 3079 Draeger.
752 3033 805 3069 1.1.
837 3044 923 3080 pag.
957 3032 1022 3068 86.

416 3086 446 3134 3)
476 3090 599 3125 Madv.
631 3101 785 3135 gramm.
817 3089 838 3134 9
870 3090 921 3126 90
952 3100 1038 3125 ann.

413 3143 445 3191 ⁴)
474 3146 735 3193 Prolegomena
763 3146 810 3182 ad
839 3146 995 3182 Lexicon
1023 3144 1311 3189 Quintilianeum
1339 3154 1425 3191 pag.
1457 3142 1524 3179 32.
