2106 3658
387 365 434 399 10
1051 359 1090 395 C.
1121 361 1163 395 A.
1195 358 1339 394 Broltin.

382 476 638 532 quotidianus
664 480 733 515 aut
760 472 881 514 altero
908 485 1062 527 quoque
1090 472 1155 514 die
1175 475 1269 526 post
1295 468 1424 510 cibum
1450 469 1615 511 vomitus
1641 475 1709 511 est.
1765 468 1861 516 VII,
1888 466 1963 516 26,
1990 466 2017 507 5

382 544 449 583 fin.
478 548 568 583 ante
594 554 740 582 nonum
767 538 871 579 diem
899 538 1063 579 vomitus
1092 537 1193 579 bilis.

490 609 549 649 De
576 605 779 659 adjectivis
807 604 1144 645 substantivorum
1173 603 1258 644 loco
1287 601 1424 655 positis
1450 601 1553 642 infra
1581 600 1730 654 loquar.

491 671 703 714 Brevitatis
732 670 837 711 Celsi
866 670 926 710 his
954 670 1141 723 exemplis
1169 668 1320 716 allatis,
1362 668 1480 708 etiam
1522 667 1789 708 annotandum
1824 665 1899 706 hoc
1932 664 2018 706 loco
2043 655 2050 663 ⁸

382 746 494 793 puto,
523 744 658 779 contra
686 735 861 784 inveniri,
879 736 984 788 apud
1013 735 1171 777 Celsum
1193 734 1403 776 nonnullas
1423 734 1662 782 locutiones,
1689 733 1729 774 in
1751 732 1890 786 quibus
1909 731 2020 784 pleo-

383 817 542 846 nasmus
585 803 738 856 quidam
783 802 938 842 videtur
974 801 1121 843 inesse:
1161 800 1363 856 proecipue
1389 799 1567 841 omnium
1596 799 1618 840 l
1645 811 1816 852 prooem.
1845 811 1884 851 p.
1913 797 1952 845 2,
1979 795 2018 838 6.

381 871 442 918 11,
471 870 522 910 33
551 869 601 909 in.
632 891 684 898 -—
718 867 817 907 Tum
858 866 1002 908 deinde
1043 869 1125 916 111,
1153 867 1179 908 6
1207 880 1245 920 p.
1274 866 1341 913 86.
1369 865 1406 908 6.
1450 866 1525 915 IV,
1554 866 1607 906 22
1637 869 1738 906 extr.
1795 864 1870 913 IV,
1898 861 1954 904 26
1979 875 2018 916 p.

384 937 474 983 152,
503 935 542 976 9.
589 934 643 982 V,
671 933 736 981 28,
768 934 802 973 l.
851 934 935 982 VI,
964 932 1003 981 6,
1032 934 1098 975 29.
1143 933 1245 982 VII,
1278 932 1327 973 14
1355 946 1392 985 p.
1421 930 1516 980 291,
1547 930 1608 972 18.
1666 930 1790 979 VIII,
1817 929 1846 970 4
1872 942 1910 983 p.
1939 927 2020 969 334

380 1007 478 1042 extr.
508 1023 560 1030 -
588 998 750 1041 Deinde
770 1005 908 1054 postea
937 1000 1020 1047 III,
1047 1000 1075 1040 4
1104 1012 1141 1052 p.
1169 999 1235 1048 80,
1263 999 1329 1040 33.
1373 998 1425 1047 V,
1453 996 1520 1046 28,
1552 997 1603 1038 14
1630 1003 1730 1038 extr.
1767 996 1870 1046 VII,
1902 994 1953 1036 18
1981 1007 2018 1048 p.

380 1067 473 1114 295,
500 1067 566 1107 31.
596 1088 649 1095 -—
676 1065 821 1106 Postea
849 1065 990 1107 deinde
1019 1066 1123 1114 VII,
1151 1065 1189 1106 8.
1221 1089 1273 1096 —
1301 1064 1405 1106 Ante
1429 1062 1649 1119 praecedere
1667 1063 1688 1103 I
1707 1075 1878 1123 prooem.
1898 1073 1936 1115 p.
1955 1060 2020 1110 12,

380 1133 419 1174 6.
448 1134 511 1181 ΙΙ,
544 1133 559 1173 l
595 1145 632 1184 p.
662 1130 728 1179 29,
758 1132 823 1172 33.
853 1154 904 1161 -
933 1131 1036 1173 Ante
1060 1131 1270 1187 providere
1298 1131 1352 1180 V,
1379 1127 1433 1171 27
1463 1143 1502 1183 p.
1521 1129 1618 1179 201,
1651 1127 1714 1179 19.
1742 1151 1793 1160 -
1821 1126 1877 1169 In
1894 1126 2021 1184 sutto-

379 1213 469 1239 rum
492 1197 713 1254 proesaqire
740 1197 803 1246 II,
831 1199 857 1238 2
886 1203 985 1239 extr.

487 1266 579 1306 Jam
609 1264 693 1304 haec
721 1264 768 1304 de
797 1264 1014 1305 elocutione
1042 1263 1145 1305 Celsi
1175 1263 1358 1305 universa
1400 1263 1574 1310 locutus,
1618 1261 1784 1315 primum
1823 1258 1951 1314 qualis
1979 1258 2018 1299 in

379 1331 581 1371 verborum
611 1330 766 1371 delectu
794 1330 929 1385 fuerit,
958 1331 1163 1372 ostendere
1192 1331 1377 1379 conabor,
1419 1335 1460 1370 et
1488 1341 1574 1382 quse
1601 1327 1769 1370 maxime
1797 1325 1901 1380 apud
1930 1336 2019 1366 eum

378 1398 458 1438 sint
486 1397 688 1438 verborum
719 1396 1025 1450 significationes
1053 1403 1172 1451 atque
1192 1402 1419 1446 structurae,
1449 1395 1648 1436 veteribus
1667 1392 1924 1447 scriptoribus
1942 1403 2020 1433 non

378 1464 554 1512 usitatae3
597 1462 736 1503 deinde
778 1464 826 1504 de
867 1463 1089 1517 syntactica
1130 1463 1214 1516 ejus
1258 1462 1411 1504 ratione
1454 1461 1685 1515 disputab03
1731 1464 1929 1513 postremo
1970 1458 2019 1499 de

376 1530 656 1582 particularum
686 1542 758 1570 usu
788 1529 920 1582 aliqua
947 1530 1122 1571 afferam.

485 1597 618 1648 Atque
646 1608 763 1648 quum
794 1595 931 1636 Celsus
961 1595 1211 1649 disciplinam⁴
1235 1595 1411 1636 traderet
1453 1601 1572 1635 antea
1607 1592 1741 1633 latinis
1769 1591 1913 1634 litteris
1942 1603 2020 1633 nou

378 1661 541 1702 multum
572 1667 642 1702 aut
670 1661 766 1702 nihil
795 1662 953 1701 omnino
996 1666 1234 1710 tractatam,
1277 1661 1402 1702 multa
1436 1661 1471 1701 ei
1501 1660 1624 1700 verba
1652 1659 1837 1700 deessent
1864 1670 2020 1699 necesse

378 1734 483 1775 erat,
512 1727 652 1780 quibus
682 1727 996 1778 significarentur
1024 1741 1086 1768 res
1116 1728 1232 1780 hujus
1262 1728 1359 1768 artis
1390 1727 1568 1780 propriae.
1625 1725 1744 1771 Quod
1762 1725 1848 1778 ipse
1868 1735 2020 1777 quoque

377 1799 548 1834 testatur
577 1793 774 1833 nonnullis
803 1794 898 1834 locis
927 1793 1002 1848 (V,
1031 1793 1096 1841 26,
1125 1795 1190 1835 31.
1221 1794 1294 1842 VI,
1329 1793 1392 1842 18,
1424 1794 1457 1833 1.
1488 1793 1592 1840 VII,
1624 1790 1675 1832 18
1690 1804 1728 1844 p.
1748 1790 1829 1833 296
1847 1790 1899 1832 in.
1923 1789 2019 1830 ibid.

377 1873 413 1912 p.
443 1858 536 1907 296,
564 1858 629 1899 28.
659 1859 783 1908 VIII,
814 1859 834 1899 1
866 1872 904 1912 p.
934 1859 1028 1908 324,
1057 1859 1142 1915 29).
1201 1858 1333 1905 Quare
1361 1872 1466 1912 saepe
1496 1864 1657 1899 coactus
1686 1863 1774 1898 erat
1799 1869 1925 1910 graeca
1947 1868 2022 1897 no·-

378 1925 486 1965 mina
527 1937 726 1965 assumere
770 1938 901 1966 earum
945 1939 1091 1975 rerum,
1132 1939 1219 1979 quae
1255 1926 1306 1966 ad
1334 1924 1565 1966 medicinam
1595 1924 1815 1976 pertinent,
1856 1934 2019 1976 quorum

378 2003 558 2043 magnam
588 1997 740 2043 partem
769 1991 905 2044 graecis
934 1991 1075 2032 litteris
1103 1997 1270 2032 exarata
1296 1991 1336 2032 in
1367 1990 1476 2031 libris
1504 1990 1588 2043 ejus
1616 1988 1857 2037 invenimus,
1895 1987 2021 2029 multa

377 2056 530 2104 latinis,
571 2063 641 2097 aut
669 2063 830 2098 servata
859 2057 1062 2110 peregrina
1090 2059 1236 2106 forma,
1279 2057 1388 2098 velut
1408 2055 1622 2111 parotidas
1650 2052 1849 2111 (accus),
1890 2066 2020 2095 soreos

376 2120 503 2176 (gen.)
532 2127 627 2170 cet.,
656 2129 746 2172 aut,
776 2123 878 2176 quod
907 2123 1047 2176 saepius
1075 2124 1140 2171 fit,
1168 2124 1219 2164 ad
1249 2123 1380 2164 latinae
1409 2123 1548 2175 linguae
1576 2121 1768 2162 rationem
1796 2121 2020 2168 immutata,

375 2188 483 2228 velut
509 2186 734 2243 collyrium,
762 2187 1035 2243 emplastrum,
1064 2188 1468 2244 enneapharmacum,
1492 2186 1774 2243 yarqarizare,
1809 2185 2020 2241 hyssopus,

376 2253 754 2308 tetrapharmacum,
796 2254 998 2308 thymium.
1056 2255 1208 2297 Contra
1235 2256 1303 2296 ubi
1331 2255 1395 2295 vel
1423 2254 1640 2296 exstabant
1667 2253 1793 2294 latina
1821 2252 1943 2293 verba
1968 2251 2020 2293 ad

376 2333 437 2359 res
467 2319 726 2361 nominandas
757 2326 864 2374 apta,
892 2321 955 2361 vel
986 2321 1100 2362 facile
1128 2322 1220 2375 fingi
1250 2327 1456 2375 poterant,
1485 2333 1512 2361 a
1544 2319 1681 2372 graecis
1707 2318 1863 2360 videtur
1891 2317 2020 2359 absti-

377 2398 518 2426 nursse.

484 2450 546 2491 At
575 2464 667 2492 vero
697 2452 820 2493 latina
847 2453 951 2506 apud
982 2453 1139 2495 Celsum
1169 2459 1262 2494 sunt
1281 2453 1478 2505 permulta
1497 2452 1637 2500 verba,
1665 2463 1750 2505 quae
1769 2454 1912 2503 praeter
1930 2461 2018 2490 eum

376 2522 446 2557 aut
473 2517 576 2569 apud
606 2518 797 2558 neminem
827 2519 1057 2572 scriptorem
1086 2519 1351 2567 inveniuntur,
1380 2525 1451 2559 aut
1478 2517 1553 2559 nisi
1581 2517 1686 2570 apud
1714 2521 1854 2570 poetas
1881 2515 1923 2555 in
1947 2526 2019 2554 ve-

376 2587 460 2622 tere
489 2583 684 2624 latinitate
714 2597 790 2624 non
821 2591 994 2633 exstant,
1024 2590 1094 2626 aut
1121 2585 1156 2626 ei
1185 2591 1279 2626 sunt
1306 2597 1395 2625 cum
1424 2583 1649 2637 posterioris
1662 2581 1795 2624 aetatis
1814 2580 2018 2633 scriptori-

376 2648 449 2687 bus
477 2650 709 2690 communia.
765 2650 871 2691 Sunt
899 2658 1031 2692 autem
1060 2663 1204 2704 magna
1232 2663 1282 2691 ex
1310 2656 1424 2702 parte
1452 2655 1523 2689 aut
1557 2660 1626 2697 ea,
1666 2661 1753 2701 quae
1794 2659 1858 2687 res
1894 2645 2017 2687 medi-

377 2713 472 2754 cinae
500 2715 678 2767 proprias
705 2716 949 2768 significant,
990 2717 1097 2758 velut
1125 2715 1334 2765 delirium,
1377 2713 1606 2763 destillatio,
1648 2713 1799 2762 ductio,
1826 2712 2017 2760 mistura,

374 2778 578 2832 pastillus,
601 2779 809 2835 profusio,
836 2781 1042 2831 resolutio,
1069 2781 1262 2839 suffusio,
1290 2780 1523 2836 suppuratio
1542 2787 1641 2828 cet.,
1669 2785 1739 2821 aut
1778 2790 1849 2827 ea,
1876 2777 2018 2831 quibus

378 2858 474 2896 opus
504 2852 590 2886 erat
619 2847 669 2886 ad
700 2848 855 2888 morbos
885 2854 926 2888 et
955 2849 1177 2889 curationes
1204 2847 1502 2895 describendas,
1531 2846 1642 2886 velut

485 2912 755 2953 substantiva:
772 2912 948 2968 fissura,
976 2914 1135 2967 frictio,
1160 2912 1341 2966 fricatio,
1370 2925 1544 2961 marcor,
1573 2910 1793 2967 perflatus,
1827 2910 2018 2958 scissura,

378 2975 502 3016 multa
529 2976 735 3019 herbarum
765 2985 805 3018 et
834 2979 1055 3032 plantarum
1086 2980 1261 3028 nomina,
1289 2983 1384 3027 cet.;

485 3042 703 3093 adjectiva,
732 3057 817 3097 quae
846 3045 1028 3093 colorem,
1055 3057 1256 3098 saporem,
1287 3045 1449 3086 formam
1478 3048 1554 3085 cet.
1575 3041 1816 3095 significant:
1845 3039 2016 3090 albidus,

378 3103 549 3156 decolor,
574 3107 842 3163 perpallidus,
877 3110 1117 3167 perviridis,
1159 3108 1407 3159 subalbidus,
1434 3107 1670 3158 sublividus,
1697 3106 1894 3164 mbniysr,
1921 3105 2016 3149 sub-
