2106 3658
606 373 660 410 De
689 375 896 412 elocutione
924 374 969 411 Α.
1000 374 1161 411 Cornelii
1188 373 1295 410 Celsi.
1735 377 1783 412 31

224 487 298 529 Eae
339 499 495 541 quoque
537 490 816 542 pronominum
861 491 1021 540 formae,
1065 490 1105 531 in
1151 491 1294 545 quibus
1329 503 1453 544 genus
1490 489 1679 543 distingui
1710 503 1786 531 non

114 559 272 609 potest,
313 567 419 608 saepe
462 555 521 595 ita
550 562 774 608 ponuntur,
818 563 884 607 ut,
921 559 974 599 ad
1011 563 1161 599 certum
1193 558 1352 612 aliquod
1381 557 1678 599 substantivum
1709 570 1786 598 nou

115 622 257 672 relata,
298 621 478 663 neutrius
521 624 678 676 generis
708 624 803 666 sint.
861 626 919 666 Et
962 625 1160 666 nonnullis
1203 626 1364 680 quidem
1408 625 1506 667 loeis
1549 637 1600 665 ex
1636 625 1789 674 verbis,

112 702 200 743 quae
241 689 471 743 praecedunt
513 696 584 731 aut
631 698 870 745 sequuntur,
921 693 1021 734 satis
1070 693 1189 746 plane
1234 697 1426 746 apparet,
1477 691 1588 745 cujus
1631 692 1788 745 generis

111 756 168 798 sit
194 768 434 810 pronomen,
465 757 573 798 velut
601 758 669 799 ubi
699 759 844 800 dicitur
872 759 959 809 111,
988 761 1042 801 23
1071 772 1111 812 p.
1143 760 1223 800 114
1252 760 1352 800 med.
1383 757 1624 815 quibusdam
1636 765 1790 815 proeter

111 837 182 873 ea,
223 837 314 879 quoe
354 837 483 878 supra
525 825 676 881 scripta
718 832 826 875 sunt,
869 826 1050 882 adjectis.
1115 827 1221 868 Aliis
1258 834 1391 868 autem
1422 826 1520 868 locis
1550 839 1676 880 genus
1709 839 1787 868 non

112 897 250 945 aperte
292 890 558 944 significatur,
602 906 841 948 quamquam
878 907 1034 948 semper
1072 907 1122 935 ex
1150 894 1335 935 universo
1363 894 1652 935 sententiarum
1683 907 1789 936 nexu

110 957 279 1012 intelligi
307 963 452 1012 potest.
510 957 650 1016 Hujus
677 961 732 1010 V,
765 959 830 1011 17,
861 962 880 1002 1
919 961 973 1003 in.
1003 960 1217 1003 miscentur
1245 967 1376 1003 autem
1404 960 1536 1010 varie,
1564 974 1688 1016 neque
1710 959 1790 1002 hu-

103 1024 178 1082 jus
205 1023 310 1067 ullus
337 1025 481 1068 modus
509 1032 566 1068 est
594 1027 620 1069 i.
650 1042 686 1069 a.
716 1028 835 1081 hujus
864 1029 932 1070 rei.
964 1053 1015 1060 -
1046 1026 1134 1080 Quo
1163 1029 1270 1078 VII,
1299 1028 1353 1070 29
1382 1042 1421 1082 p.
1450 1027 1547 1078 318,
1577 1025 1602 1069 7
1637 1029 1682 1070 in
1709 1042 1790 1084 quo

111 1091 212 1149 quid
243 1091 416 1148 periculi
450 1092 521 1143 sit,
562 1108 692 1150 supra
716 1095 893 1151 positum
920 1102 976 1138 est
1003 1097 1030 1138 i.
1061 1109 1096 1137 a.
1127 1097 1166 1137 in
1197 1109 1276 1150 qua
1304 1109 1360 1138 re.
1391 1096 1496 1146 VII,
1525 1095 1581 1136 20
1609 1095 1664 1136 in.
1702 1094 1803 1148 F'a-x

111 1160 195 1202 scia
222 1159 305 1216 ejus
333 1161 395 1202 rei
421 1175 544 1202 causa
561 1161 636 1220 fit,
665 1163 733 1204 cui
759 1163 841 1204 imo
870 1162 952 1205 loco
974 1163 1065 1219 pila
1094 1169 1230 1204 assuta
1259 1169 1315 1205 est
1344 1169 1419 1204 cet.
1466 1161 1552 1205 Sub
1581 1176 1658 1218 quo
1687 1175 1790 1219 soepe

110 1233 148 1271 et
173 1226 283 1269 intus
310 1227 560 1284 compellitur
587 1230 819 1272 intestinum
845 1237 882 1272 et
910 1230 1013 1273 inter
1041 1244 1082 1273 se
1111 1230 1254 1272 tunicoe
1270 1229 1537 1285 ylutinantur.
1594 1230 1662 1271 Ita
1679 1243 1789 1283 saepe

111 1293 184 1336 sub
212 1308 291 1351 quo
318 1295 426 1336 idem
456 1302 519 1337 est
549 1309 585 1337 a.
615 1310 692 1351 qua
720 1298 949 1348 curatione,
980 1299 1084 1353 quod
1114 1298 1148 1338 si
1179 1298 1267 1352 quis
1298 1298 1394 1339 facit
1422 1311 1460 1339 v.
1490 1303 1520 1339 t.
1544 1310 1581 1351 q.
1610 1320 1665 1328 -—
1694 1295 1790 1338 Ali-

110 1375 188 1418 quo
216 1362 305 1412 111,
333 1362 360 1405 6
389 1376 426 1417 p.
456 1360 524 1413 87,
556 1364 608 1405 10
636 1379 792 1421 semper
819 1366 983 1420 quidem
998 1365 1274 1422 incipiendum
1289 1371 1344 1407 est
1359 1363 1409 1406 ab
1433 1364 1568 1420 aliquo
1587 1378 1637 1406 ea.-
1656 1364 1790 1406 media

109 1429 292 1472 materia.
322 1453 377 1461 —
406 1429 502 1472 Alio
530 1432 588 1480 II,
620 1431 673 1473 18
701 1446 740 1486 p.
770 1431 824 1473 64
852 1433 920 1474 fin.
977 1432 1027 1475 Si
1054 1432 1216 1489 quidem
1230 1431 1327 1488 plus
1346 1431 1525 1474 alimenti
1542 1438 1599 1474 est
1620 1432 1665 1474 in
1678 1445 1788 1487 pane

109 1511 234 1553 quam
261 1497 306 1539 in
333 1496 414 1539 ullo
442 1497 523 1540 alio
550 1499 576 1540 i.
606 1513 643 1540 a.
673 1499 714 1540 in
745 1500 827 1541 ulla
857 1500 938 1541 alia
966 1514 1021 1542 re.
1053 1525 1104 1531 ——-
1135 1498 1263 1542 Nullo
1292 1500 1334 1548 Ι,
1364 1501 1389 1540 3
1418 1501 1486 1540 fin.
1543 1498 1617 1540 Ex
1645 1498 1789 1554 quibus

109 1565 155 1606 in
183 1563 529 1609 nulla—Etiam
560 1566 599 1607 in
630 1567 775 1620 plurali
805 1580 967 1609 numero
997 1581 1076 1609 non
1107 1580 1198 1608 raro
1227 1567 1408 1621 exempla
1437 1573 1663 1608 occurrunt.
1709 1565 1790 1607 His

108 1631 149 1675 in
179 1633 316 1678 dativo
346 1633 401 1682 V,
430 1633 497 1682 28,
528 1634 579 1674 12
608 1647 646 1687 p.
675 1635 772 1684 213,
800 1634 855 1677 26
896 1634 1074 1677 Inimica
1116 1634 1320 1676 contraria
1363 1634 1426 1676 his
1468 1640 1571 1675 sunt.
1634 1631 1718 1675 His
1746 1634 1786 1674 in

109 1699 288 1741 ablativo
317 1700 399 1749 111,
428 1701 483 1741 23
513 1714 552 1754 p.
587 1702 678 1750 113,
707 1702 762 1743 24
795 1702 893 1759 quia
935 1717 984 1744 ne
1025 1701 1264 1756 letharqicus
1307 1701 1470 1757 quidem
1512 1701 1576 1743 liis
1618 1706 1788 1741 sanatur

108 1765 190 1822 (cfr
217 1780 339 1820 supra
367 1766 542 1821 iisdem).
573 1768 650 1818 IV,
681 1766 707 1810 7
723 1783 762 1823 p.
788 1771 878 1818 130,
901 1770 952 1810 10
979 1768 1030 1812 Si
1057 1784 1150 1812 vero
1178 1769 1242 1810 his
1269 1768 1431 1810 morbus
1459 1768 1607 1810 levatus
1636 1773 1703 1810 est.
1732 1768 1787 1818 V,

109 1833 179 1883 26,
207 1833 264 1875 25
293 1835 347 1876 in.
387 1833 471 1876 His
498 1835 557 1876 ita
578 1835 717 1891 primo
746 1836 812 1879 die
840 1837 1052 1879 ordinatis.
1096 1838 1180 1885 VI,
1210 1834 1250 1885 7,
1279 1836 1304 1877 5
1334 1834 1438 1877 Elui
1465 1849 1623 1892 quoque
1649 1848 1789 1877 aurem

108 1907 261 1957 oportet
288 1901 403 1951 vino,
431 1902 476 1944 in
504 1916 582 1958 quo
611 1903 866 1945 marrubium
895 1904 1096 1947 decoctum
1123 1905 1186 1945 sit.
1244 1902 1328 1945 Sub
1357 1902 1420 1944 his
1448 1903 1617 1944 emortui
1639 1915 1789 1944 vermes

108 1968 155 2010 in
179 1969 362 2024 primam
389 1969 505 2010 auris
525 1976 689 2025 partem
711 1971 1007 2027 prolabuntur3
1049 1972 1108 2013 ita
1144 1983 1250 2024 saepe
1286 1969 1358 2011 sub
1386 1969 1450 2011 Itis
1478 1970 1503 2011 i.
1534 1983 1573 2011 a.
1603 1983 1674 2018 eo,
1717 1981 1789 2022 per

109 2035 196 2078 haec
225 2036 516 2078 medicamenta
544 2050 582 2078 v.
611 2044 642 2078 t.
673 2051 712 2092 q.
743 2063 795 2069 —-
824 2037 979 2091 Quibus
1007 2040 1090 2080 dat.
1120 2039 1174 2087 V,
1204 2038 1272 2087 28,
1302 2035 1327 2079 7
1355 2038 1409 2078 in.
1445 2036 1592 2093 quibus
1615 2037 1660 2078 icl
1688 2050 1791 2092 quo-

108 2117 185 2159 que
212 2103 386 2153 accedit,
414 2104 524 2160 quod
551 2103 668 2160 lonyo
696 2107 827 2161 spatio
856 2106 1051 2155 detinent3
1081 2106 1139 2147 ita
1169 2118 1276 2159 saepe
1307 2118 1395 2146 cum
1426 2105 1546 2146 verbo
1575 2102 1790 2146 accedendi

109 2171 365 2224 conjunctum
394 2171 540 2227 quibus
568 2173 652 2213 dat.
682 2173 782 2226 plur.
814 2180 941 2215 neutr.
962 2174 988 2215 i.
1010 2180 1073 2214 est
1092 2187 1127 2215 a.
1144 2173 1200 2214 ad
1227 2172 1350 2228 quod.
1380 2172 1426 2213 In
1444 2172 1624 2213 ablativo
1639 2172 1717 2220 111,
1732 2170 1786 2211 23

109 2251 148 2292 p.
179 2237 261 2280 114
287 2238 342 2280 iu.
386 2236 485 2280 Cum
521 2238 666 2294 quibus
699 2238 841 2297 fuqere
878 2247 1030 2296 oportet
1057 2239 1196 2290 solem,
1239 2238 1424 2281 balneum
1453 2246 1527 2280 eet.
1557 2240 1583 2280 i.
1614 2252 1650 2280 a.
1673 2251 1788 2294 prae-

109 2311 231 2348 terea.
287 2305 552 2359 Conjungitur
581 2307 702 2348 etiam
733 2309 937 2350 ablativus
967 2322 1055 2350 cum
1086 2307 1368 2362 praepositione
1398 2305 1470 2347 sub
1490 2307 1562 2356 ita,
1582 2312 1627 2348 ut
1647 2305 1783 2347 eodem

110 2373 227 2414 modo
256 2378 378 2427 atque
406 2372 481 2415 sub
510 2387 606 2429 quo,
649 2373 722 2415 sub
766 2374 829 2416 his
858 2376 1014 2417 dicatur
1042 2374 1115 2416 sub
1144 2373 1291 2430 quibus
1319 2373 1428 2422 VII,
1456 2370 1509 2415 27
1539 2387 1578 2427 p.
1608 2373 1691 2414 314
1718 2373 1785 2413 fin.

109 2437 196 2482 Sub
223 2438 369 2496 quibus
390 2441 600 2496 perveniri
627 2441 683 2482 ad
711 2444 922 2485 sanitatem
946 2449 1086 2499 potest.
1116 2442 1240 2491 VIII,
1269 2440 1323 2482 25
1352 2439 1424 2481 sub
1453 2440 1598 2496 quibus
1616 2439 1660 2480 in
1679 2439 1787 2495 ejus-

108 2507 220 2549 modi
249 2522 345 2549 casu
361 2508 482 2565 fleret
508 2522 617 2550 mors
645 2515 819 2551 matura.
839 2534 894 2541 —
915 2509 1131 2565 Aliquibus
1150 2510 1225 2557 IV,
1254 2508 1308 2549 23
1339 2508 1439 2549 med.
1460 2506 1665 2563 aliquibus
1685 2520 1787 2563 quo-

107 2573 207 2617 tidie
225 2573 400 2630 adjectis.
430 2576 506 2625 IV,
534 2574 589 2616 26
618 2590 658 2630 p.
691 2576 783 2627 152,
812 2579 866 2619 23
895 2576 1095 2633 aliquibus
1124 2576 1302 2633 adjectis.
1332 2576 1415 2624 VI,
1436 2577 1463 2616 2
1486 2575 1580 2617 dein
1599 2574 1646 2616 id
1665 2587 1788 2630 super

109 2640 384 2698 adjuvandum
420 2641 624 2699 aliquibus
659 2657 709 2686 ex
736 2643 877 2687 leniter
904 2642 1225 2700 reprimentibus.
1271 2643 1354 2691 ΙΙΙ,
1383 2644 1438 2683 22
1466 2642 1520 2683 in.
1549 2641 1788 2683 naturaliter

109 2722 266 2765 semper
279 2708 495 2766 aliquibus
523 2709 815 2761 decedentibus,
844 2711 965 2754 nullis
994 2725 1086 2754 vero
1115 2710 1158 2752 in
1186 2724 1322 2753 eorum
1350 2708 1480 2750 locum
1513 2708 1785 2758 subeuntibus,

110 2776 179 2818 ubi
205 2776 326 2819 etiam
355 2776 478 2818 nullis
505 2778 630 2819 ablat.
659 2779 898 2821 insolentius
927 2785 1153 2832 usurpatur.
1184 2802 1238 2809 —
1266 2775 1375 2818 Aliis
1402 2777 1527 2818 ablat.
1557 2777 1611 2826 V,
1640 2775 1707 2827 26,
1731 2776 1785 2816 33

110 2843 177 2886 fin.
205 2844 276 2887 sed
301 2842 396 2886 aliis
424 2858 579 2901 quoque
600 2846 780 2903 purqari
802 2853 944 2903 potest,
972 2845 1116 2902 quibus
1140 2843 1358 2901 purulenta
1385 2850 1592 2886 curantur.

826 2976 883 3020 ue
913 2974 1057 3019 modis.

222 3046 285 3088 De
330 3047 533 3088 modorum
578 3060 651 3090 usu
695 3050 970 3091 annotandum
1006 3054 1087 3098 est,
1132 3047 1290 3089 Celsum
1321 3047 1359 3088 in
1390 3046 1570 3088 oratione
1599 3045 1785 3099 obliqua,

111 3126 198 3166 quae
240 3120 420 3164 vocatur,
463 3115 587 3156 multo
622 3117 768 3170 saepius
797 3116 1061 3157 indicativum
1092 3128 1208 3169 quam
1238 3114 1535 3168 conjunctivum
1563 3126 1708 3167 ponere
1738 3112 1779 3154 in

112 3180 454 3224 enuntiationibus
495 3183 760 3234 secundariis,
802 3184 923 3225 etiam
963 3196 1081 3238 quum
1120 3182 1339 3224 necessario
1376 3182 1428 3223 ad
1457 3194 1507 3223 ea
1535 3180 1782 3236 pertineant,
