2106 3658
545 343 599 378 De
627 344 835 380 elocutione
863 344 908 380 A.
939 341 1100 378 Cornelii
1129 340 1235 377 Celsi.
1711 340 1731 375 7

62 459 148 502 cide
175 458 437 514 proponendi,
481 458 702 500 enuntiatis
738 463 834 511 apte
865 464 906 499 et
933 457 1147 499 artificiose
1176 456 1456 499 connectendis
1486 468 1565 496 non
1595 455 1738 497 admo-

61 528 155 570 dum
198 526 379 568 inservit.
437 525 591 568 Contra
633 538 738 579 saepe
781 525 850 566 ubi
894 525 1007 567 facile
1051 531 1140 566 erat
1183 536 1390 566 numeroso
1426 523 1582 565 ambitu
1610 524 1738 565 verba

62 594 320 643 concludere,
348 594 572 635 sententias
601 593 880 635 adnumeravit
907 594 1042 647 potius
1071 600 1112 634 et
1140 592 1348 646 particulis
1377 591 1631 646 copulativis‚
1662 591 1737 632 ad-

62 661 293 710 vex-sativis,
321 661 561 703 conclusivis
590 661 777 715 adjunxit
806 685 859 690 —
889 660 1232 715 frequentissimus
1262 667 1394 702 autem
1425 665 1488 701 est
1516 673 1612 701 usus
1641 672 1737 713 par-

60 729 271 772 ticularum
299 728 410 778 ideo,
440 728 606 785 ideoque
633 753 711 778 -—-,
739 741 859 782 quam
889 727 949 770 ita
978 729 1156 782 collegit,
1199 735 1245 770 ut
1273 729 1399 770 altera
1427 727 1636 781 primaria,
1676 727 1738 768 al-

60 804 149 839 tera
191 796 433 838 secundaria
476 803 594 838 esset.
659 795 906 849 Simpliciter
948 796 1083 849 igitur,
1125 802 1330 845 accurate,
1373 795 1576 837 subtiliter
1604 795 1739 836 omnia

61 863 247 919 exponit,
289 863 614 917 perspicuitatem
660 864 831 904 maxime
859 869 1050 913 sectatur,
1080 877 1234 917 semper
1263 864 1325 904 ita
1354 863 1469 912 dicit,
1499 869 1545 904 ut
1574 876 1652 904 non
1684 863 1736 904 ab

59 932 110 974 iis
136 931 285 980 solum,
313 931 380 985 qui
409 931 509 972 artis
539 931 656 985 periti
685 937 802 980 sunt,
830 931 902 971 sed
930 932 983 972 ab
1013 931 1196 972 omnibus
1224 931 1353 985 possit
1381 931 1558 984 intelligi.
1601 931 1738 985 Atque

60 999 111 1041 ad
140 1012 202 1041 res
231 998 401 1040 dilucide
431 999 693 1053 explicandas
722 999 890 1040 multum
918 999 1016 1040 illud
1036 1000 1175 1048 affert,
1203 1000 1307 1052 quod
1327 998 1413 1040 dixi
1434 1012 1521 1039 eum
1543 999 1594 1040 ad
1615 1011 1736 1040 unam

59 1072 102 1108 et
143 1071 294 1109 certam
339 1066 533 1108 rationem
579 1067 713 1108 omnia
755 1079 975 1107 revocasse.
1041 1066 1360 1108 Accuratissima
1389 1066 1512 1119 igitur
1541 1072 1604 1108 est
1631 1066 1737 1120 apud

60 1146 150 1176 eum
177 1146 307 1175 rerum
339 1134 560 1187 dispositio,
589 1146 824 1188 semperque
854 1134 973 1187 plane
1002 1133 1175 1183 indicat,
1204 1134 1253 1175 de
1281 1134 1424 1188 quibus
1454 1134 1574 1175 rebus
1603 1134 1738 1175 dictu·

60 1214 128 1244 rus
156 1201 233 1251 sit,
275 1202 336 1242 ita
364 1208 410 1243 ut
438 1202 585 1255 legenti
615 1201 729 1243 facile
758 1201 814 1242 sit
840 1201 1042 1249 invenire,
1085 1214 1162 1255 quo
1193 1215 1299 1243 nexu
1328 1215 1417 1244 cum
1447 1201 1589 1243 ceteris
1619 1201 1738 1243 rebus

61 1268 344 1311 contineantur
371 1282 441 1317 ea,
483 1283 571 1323 quae
600 1282 832 1323 unoquoque
862 1269 948 1310 loco
978 1269 1163 1323 exposita
1191 1276 1308 1319 sunt,
1351 1274 1392 1310 et
1421 1269 1515 1324 quid
1545 1269 1738 1311 momenti

60 1336 242 1378 habeant
268 1337 320 1378 ad
348 1336 474 1379 totius
503 1337 710 1379 medicinae
738 1336 935 1377 rationem
965 1336 1255 1390 explicandam.

170 1403 304 1452 Quum
334 1410 469 1446 autem
500 1405 643 1447 Celsus
672 1417 927 1459 quaecumque
956 1404 1008 1446 ad
1039 1405 1277 1446 medicinam
1315 1405 1565 1459 pertinerent
1602 1418 1739 1458 perse-

60 1471 126 1526 qui
154 1472 276 1514 vellet
304 1472 545 1527 omniaque..
573 1486 660 1527 qnae
687 1472 882 1514 salutaria
911 1472 1154 1526 accepisset,
1198 1473 1527 1527 comprehendere
1546 1472 1611 1528 ¹),
1653 1473 1738 1514 fieri

61 1553 138 1581 non
169 1539 317 1594 potuit,
346 1540 439 1594 quin
469 1540 668 1582 interdum
699 1540 738 1582 in
770 1540 918 1581 talibus
947 1540 1064 1581 rebus
1094 1547 1332 1590 versaretur,
1362 1554 1448 1594 quae
1474 1541 1625 1582 nnllam
1646 1554 1739 1582 ora-

59 1607 181 1649 tionis
210 1607 446 1649 varietatem
477 1615 548 1650 aut
573 1609 865 1661 jucunditatem
897 1608 1174 1659 admitterent3
1217 1609 1327 1649 velut
1356 1609 1424 1650 ubi
1455 1609 1605 1658 morbi,
1648 1610 1738 1650 vul—

60 1687 177 1724 nera,
218 1675 447 1717 curationes
491 1682 678 1718 accurate
721 1682 856 1717 essent
899 1676 1185 1725 describenda,
1228 1677 1296 1717 ubi
1325 1676 1365 1716 in
1397 1676 1498 1717 libro
1528 1677 1666 1730 quinto
1697 1683 1740 1718 et

59 1747 176 1784 sexto
219 1743 598 1785 medicamentorum
642 1757 791 1797 genera
818 1748 860 1784 et
887 1743 994 1784 vires
1022 1750 1234 1785 tractaret.
1293 1744 1462 1785 Talibus
1491 1744 1612 1797 igitur
1640 1744 1738 1785 locis

59 1810 117 1859 si,
158 1810 276 1851 rebus
318 1810 417 1864 ipsis
459 1811 713 1864 cogentibus,
750 1811 889 1864 jejuna
925 1817 966 1852 et
995 1811 1108 1852 arida
1136 1812 1250 1852 fieret
1278 1811 1409 1852 oratio
1440 1825 1598 1852 necesse
1629 1817 1739 1860 erat,

59 1883 199 1919 contra
228 1877 297 1919 ubi
325 1878 368 1919 in
398 1878 515 1920 nudis
545 1879 756 1932 praeceptis
784 1878 990 1920 tradendis
1020 1892 1098 1919 non
1130 1885 1325 1928 versatur,
1355 1879 1427 1919 sed
1458 1885 1530 1920 aut
1558 1880 1608 1920 de
1638 1893 1738 1921 con-

58 1943 208 1986 ditione
235 1945 335 1986 artis
364 1946 561 1987 universae
591 1946 767 2000 loquitur
796 1953 868 1987 aut
896 1946 1104 1987 historiam
1134 1947 1218 2000 ejus
1246 1947 1373 1988 tradit
1402 1953 1474 1987 aut
1498 1947 1630 1988 officia
1665 1959 1739 1987 ex-

58 2011 173 2065 ponit
213 2025 372 2062 eorum,
415 2013 483 2068 qui
517 2027 604 2054 eam
634 2014 893 2067 profitentur,
936 2013 1076 2055 relicto
1105 2015 1216 2055 tenui
1244 2015 1314 2055 illo
1344 2027 1487 2067 genere
1516 2014 1736 2055 orationem

60 2079 277 2132 assumpsit
318 2080 442 2134 magis
485 2081 686 2135 copiosam
733 2087 774 2123 et
816 2094 903 2135 quae
944 2094 1104 2122 summa
1146 2082 1349 2123 suavitate
1386 2088 1429 2122 et
1464 2082 1738 2135 aequabilitate

58 2146 171 2187 fluat.
229 2146 352 2200 Cujus
381 2148 438 2189 rei
467 2148 689 2201 exemplum
720 2148 1075 2190 luculentissimum
1107 2154 1170 2190 est
1198 2149 1442 2202 prooemium
1474 2149 1564 2190 libri
1598 2148 1739 2203 primi,

59 2226 137 2266 quo
166 2213 275 2255 baud
302 2214 384 2256 scio
414 2228 466 2256 an
497 2215 595 2256 nihil
625 2229 811 2270 umquam
840 2216 919 2257 dici
954 2216 1081 2269 possit
1116 2217 1347 2269 elegantius.
1405 2216 1542 2270 Atque
1577 2217 1738 2258 omnino

59 2280 327 2322 confitendum
358 2288 439 2331 est,
482 2295 706 2324 sermonem
736 2283 822 2336 ejus
854 2296 1041 2336 magnam
1074 2284 1314 2337 elegantiam
1345 2297 1431 2325 esse
1462 2291 1739 2332 consecutum,

58 2346 94 2388 si
122 2348 282 2402 quidem
311 2348 514 2402 eleganter
541 2350 692 2392 dictum
722 2357 801 2399 est,
830 2352 933 2404 quod
963 2357 1074 2405 apte,
1106 2352 1292 2400 breviter,
1323 2351 1506 2393 dilucide.

169 2413 271 2461 Qnae
313 2429 432 2470 quum
475 2417 534 2458 ita
577 2418 680 2466 sint,
710 2418 894 2472 equidem
924 2431 1002 2459 non
1034 2419 1230 2472 intelligo,
1259 2419 1401 2472 quibus
1431 2419 1562 2460 causis
1593 2419 1737 2460 ductus

58 2481 256 2524 Kisselius
273 2482 314 2538 ²)
357 2483 397 2524 in
442 2484 553 2525 libris
597 2484 707 2526 Celsi
742 2485 980 2527 rhetoricum
1011 2486 1206 2539 quendam
1238 2486 1407 2528 colorem
1439 2486 1738 2539 deprehendere

57 2548 134 2592 sibi
163 2549 274 2592 visus
302 2550 370 2592 sit.
435 2552 563 2593 Immo
600 2566 626 2593 a
661 2553 853 2594 luminum
897 2559 939 2593 et
981 2560 1306 2595 ornamentorum
1350 2553 1668 2603 consectatione,
1714 2567 1740 2595 a

59 2617 192 2659 studio
222 2617 339 2659 nimis
369 2618 585 2661 elaboratae
613 2619 915 2668 concinnitatis,
958 2621 1010 2661 ab
1040 2621 1146 2662 omni
1177 2621 1420 2674 argutiarum
1452 2621 1622 2675 aucupio
1651 2627 1736 2664 tam

60 2683 161 2725 liber
188 2691 275 2736 est,
303 2691 349 2726 ut
377 2699 592 2740 numquam
623 2694 695 2729 aut
722 2687 813 2729 aliis
842 2688 975 2728 verbis
1005 2694 1078 2729 aut
1105 2689 1284 2742 pluribus
1313 2702 1408 2730 usus
1429 2702 1517 2730 esse
1537 2689 1737 2739 videatur,

60 2763 177 2804 quam
221 2752 365 2806 quibus
394 2765 494 2807 opus
523 2759 614 2796 erat
641 2755 692 2796 ad
722 2768 785 2796 res
815 2755 986 2796 dilucide
1016 2755 1289 2809 explicandas.
1349 2757 1576 2810 Numquam
1614 2756 1739 2797 verba

60 2818 250 2860 audacius
278 2821 491 2870 transfert,
519 2835 732 2876 numquam
763 2822 916 2863 aurium
947 2823 1147 2876 voluptati
1177 2823 1296 2864 nimis
1325 2825 1464 2865 studet
1493 2837 1621 2877 neque
1641 2837 1738 2864 sen-

61 2885 276 2928 tentiarum
306 2895 348 2928 et
377 2887 551 2930 locorum
581 2890 849 2931 communium
880 2891 1057 2932 ubertati
1087 2891 1278 2941 inservit,
1308 2893 1376 2933 sed
1407 2904 1570 2946 prorsus
1601 2904 1738 2931 carere

61 2950 219 2995 videtur
259 2954 368 2996 vitiis
411 2955 516 3005 illis,
560 2969 648 3010 quae
691 2963 736 2998 ut
763 2957 881 3011 vulgo
911 2960 1034 3000 totius
1065 2965 1265 3011 argenteae
1294 2959 1428 3000 aetatis
1457 2958 1619 3012 propria
1648 2971 1736 2999 esse

125 3105 152 3155 ¹)
181 3109 274 3148 Cels.
303 3111 369 3158 IV,
404 3113 470 3158 18,
505 3114 541 3152 l.

120 3162 153 3216 ²)
181 3167 252 3208 m.
281 3181 370 3222 pag.
403 3173 441 3211 ’1.
