2106 3658
359 361 411 396 40
1045 357 1086 394 C.
1115 356 1159 394 A.
1189 357 1333 394 Broldn.

357 486 437 528 qua
464 472 567 514 venit
594 469 770 524 (myiua)
806 468 1032 523 recipienda
1062 475 1138 518 est,
1170 469 1447 524 proecipueque
1483 469 1580 524 quia
1610 468 1694 522 fere
1722 466 1884 524 spiculis
1911 469 1998 510 cin·

355 539 476 593 yitur.
534 538 651 590 Apud
682 535 910 575 Ciceronem
940 535 1139 576 invenitur
1160 536 1365 591 proecipue
1392 535 1500 590 quod
1532 535 1648 577 Verr.
1677 536 1726 584 4,
1754 532 1823 582 37,
1850 533 1916 575 81.

467 604 578 644 Part.
601 600 843 656 protinus
881 607 926 641 ut
963 602 1067 653 apud
1101 600 1238 646 Quint.
1267 608 1309 642 et
1335 601 1439 642 Plin.
1470 601 1580 653 maj..
1616 601 1674 642 ita
1703 601 1809 654 apud
1838 599 1997 641 Celsum

358 668 668 722 frequentissima
698 665 819 719 θεῖ’).
876 666 1100 719 Soepissime
1136 667 1281 708 dicitur
1311 667 1500 722 protinus
1526 666 1662 716 initio,
1691 680 1760 722 pr.
1789 666 1893 707 iuter
1919 666 2000 706 ini-

357 736 434 783 tia,
469 735 570 775 inter
593 731 799 786 principia
821 744 910 785 pr„
948 733 1057 773 velut
1095 733 1176 780 ΙΙΙ,
1205 734 1232 773 2
1260 733 1312 774 in.
1369 732 1562 773 Protinus
1597 738 1728 774 autem
1754 732 1856 773 inter
1883 730 1999 772 initia

356 801 455 840 scire
470 795 600 859 facile
627 802 704 845 est,
733 797 823 851 quis
851 804 987 838 acutus
1015 798 1194 847 morbus,
1221 799 1311 853 quis
1338 796 1477 852 lorcyus
1505 798 1569 839 sit.
1619 799 1733 851 Saepe
1761 798 1881 839 etiam
1902 809 1999 838 con-

352 866 528 918 jungitur
555 877 641 904 cum
671 861 721 902 ab
749 864 1042 915 praepositione,
1074 865 1181 904 velut
1208 865 1286 912 111,
1315 863 1341 905 9
1370 865 1436 904 fin.
1482 863 1626 919 Neque
1655 864 1742 905 ideo
1770 869 1901 904 tamen
1921 876 2000 903 non

356 937 412 972 est
438 930 648 971 temeraria
683 929 761 968 ista
788 929 1006 977 medicina,
1041 930 1138 985 quia
1161 928 1316 985 plures,
1353 929 1390 970 si
1410 930 1599 984 protinus
1632 943 1660 970 a
1681 929 1902 984 principiis
1930 941 2001 970 εω-

355 997 475 1051 cepit,
511 994 711 1036 interimit.
741 995 822 1042 111,
851 994 877 1035 5
907 1008 942 1048 p.
973 995 1046 1044 84,
1079 997 1140 1037 14.
1198 993 1294 1046 Quoe
1322 1010 1387 1037 res
1415 995 1554 1052 efficit,
1589 1002 1634 1036 ut
1660 1001 1696 1037 et
1723 1009 1750 1036 a
1770 995 1909 1050 primo
1936 994 2001 1036 die

352 1062 536 1117 protinus
576 1060 685 1101 cibus
729 1059 824 1100 dari
855 1060 1032 1115 quotidie
1068 1061 1215 1103 debeat.
1270 1062 1411 1115 Neque
1448 1075 1541 1102 vero
1577 1062 1625 1102 de
1661 1068 1840 1114 tempore
1873 1061 1999 1101 solum

356 1129 438 1169 haec
466 1127 662 1180 particula
690 1133 922 1179 usurpatur,
950 1128 1020 1167 sed
1050 1128 1169 1168 etiam
1200 1128 1388 1180 adjuncta
1417 1128 1626 1180 negatione
1654 1127 1814 1180 ponitur
1840 1126 1879 1166 in
1904 1138 2002 1168 con-

356 1194 565 1234 cludendo:
594 1193 614 1233 Ι
642 1205 814 1245 prooem.
843 1206 881 1245 p.
906 1193 956 1233 10
983 1194 1049 1234 fin.
1107 1193 1248 1248 Neque
1275 1194 1401 1242 enim,
1429 1194 1466 1234 si
1492 1196 1584 1248 quis
1610 1206 1691 1234 non
1717 1193 1853 1234 omnia
1879 1197 2003 1240 tenet,

357 1273 446 1314 quoe
481 1257 689 1299 rationalis
727 1257 830 1298 alius
862 1258 1028 1314 probat,
1065 1260 1253 1314 protinus
1286 1259 1365 1300 alio
1402 1273 1501 1300 novo
1528 1260 1686 1301 nomine
1713 1259 1812 1300 artis
1839 1258 2001 1311 indiqet.

356 1327 415 1373 ΙΙ,
443 1323 469 1365 6
497 1338 537 1378 p.
567 1325 640 1373 38,
673 1322 722 1365 17
750 1338 817 1365 nec
839 1325 1027 1378 protinus
1054 1325 1204 1367 crimen
1232 1325 1332 1366 artis
1359 1339 1461 1374 esse,
1488 1326 1525 1366 si
1547 1325 1653 1380 quod
1675 1323 1920 1380 professoris
1938 1324 2001 1364 sit.

355 1392 416 1439 ΙΙ,
449 1391 499 1431 10
528 1404 565 1443 p.
595 1391 647 1431 52
666 1419 678 1439 ‚
706 1391 760 1430 22
815 1389 913 1432 Non
940 1391 1138 1446 quidquid
1165 1397 1297 1432 autem
1325 1391 1577 1433 intentionem
1604 1391 1731 1432 animi
1757 1396 1793 1432 et
1817 1390 2000 1445 pruden-

354 1458 452 1497 tiam
479 1456 620 1510 exiyit‚
643 1457 829 1512 protinus
856 1456 1091 1512 ejiciendum
1120 1464 1186 1500 est.
1217 1459 1277 1507 Π,
1305 1457 1359 1498 25
1389 1459 1454 1498 fin.
1499 1456 1573 1498 Em
1599 1456 1662 1498 lais
1689 1463 1818 1498 autem
1837 1454 2003 1511 intelliqi

348 1529 496 1577 potest,
533 1536 613 1563 non
648 1522 846 1577 quidquid
882 1522 975 1564 boni
1001 1523 1108 1564 succi
1134 1530 1210 1573 est,
1241 1524 1425 1578 protinus
1453 1522 1650 1565 stomacho
1677 1521 1900 1569 convenire,
1934 1534 2003 1562 ne-

355 1602 430 1644 que
458 1588 661 1644 quidquid
693 1587 891 1629 stomacho
926 1589 1123 1638 convenit,
1155 1591 1342 1645 protinus
1370 1588 1463 1631 boni
1489 1590 1598 1631 succi
1624 1602 1719 1631 esse.
1762 1589 1834 1631 Cfr
1862 1588 1948 1637 ΙΙΙ,
1976 1585 2004 1628 6

355 1668 396 1708 p.
425 1655 504 1702 86,
535 1655 599 1695 13.
654 1655 719 1696 Ita
746 1654 1018 1700 Quintilianus
1048 1668 1201 1709 quoque
1230 1656 1304 1697 hoc
1333 1657 1454 1696 verbo
1483 1669 1578 1697 usus
1607 1661 1679 1696 est.

463 1719 622 1761 Proui
651 1743 701 1750 —
729 1721 820 1770 ita,
862 1734 982 1774 quam
1011 1722 1327 1774 conjunctionem
1363 1723 1595 1775 scriptorum
1639 1720 1834 1762 inferioris
1871 1719 2004 1761 aetatis

354 1799 439 1827 esse
480 1786 577 1827 dicit
610 1786 815 1833 Handius,
856 1788 962 1839 apud
997 1788 1153 1829 Celsum
1191 1795 1253 1828 est
1296 1801 1374 1829 uuo
1412 1788 1516 1829 loco:
1557 1788 1634 1836 IV,
1666 1788 1710 1828 ll
1752 1799 1791 1839 p.
1823 1786 1921 1834 134,
1952 1786 2004 1826 12

350 1858 476 1908 prout
501 1852 612 1894 sedes
639 1853 729 1907 ipsa
756 1859 832 1902 est,
869 1854 926 1894 ita
953 1856 1069 1894 varia
1096 1860 1132 1894 et
1154 1853 1380 1908 periculosa
1404 1868 1551 1910 yenera
1576 1852 1806 1894 morborum
1833 1857 1935 1892 sunt.

465 1916 718 1969 Qualiter,
768 1932 855 1971 quae
899 1932 978 1959 vox
1012 1926 1216 1972 poetarum
1255 1926 1317 1960 est
1358 1926 1399 1961 et
1430 1920 1688 1973 posteriorum
1724 1918 1883 1970 script„
1924 1930 2003 1959 uno

356 1984 441 2025 loco
477 1984 695 2025 invonitur:
731 1985 752 2025 1
779 1997 952 2037 prooem.
986 1998 1026 2039 p.
1054 1986 1100 2035 4,
1127 1986 1176 2026 31
1223 1986 1293 2041 qui
1322 1987 1442 2041 prius
1477 1984 1551 2027 illa
1586 1985 1678 2041 ipsa
1711 1983 1881 2039 qualiter
1916 1996 2003 2025 eve-

356 2050 470 2091 uiant
492 2049 723 2105 perceperit.
1587 2063 1590 2067 ’

465 2114 788 2171 Quamquam,
825 2117 1064 2171 quamvis.
1121 2119 1181 2159 De
1214 2131 1286 2159 usu
1322 2119 1521 2159 modorum
1558 2123 1650 2170 post
1685 2116 1757 2157 has
1785 2115 2002 2168 particulas

356 2195 476 2235 supra.
513 2183 667 2224 locutus
703 2195 789 2223 sum
825 2196 916 2236 pag.
942 2183 1009 2224 32.
1066 2181 1259 2234 Quamvis
1286 2184 1494 2238 participio
1523 2183 1585 2223 vel
1613 2182 1810 2235 adjectivo
1837 2181 2004 2235 apponi,

357 2249 549 2290 annotavi
577 2261 667 2301 pag.
696 2249 762 2289 35.

466 2312 770 2369 Quandoque
810 2315 946 2356 eadem
985 2315 1270 2368 significatione
1304 2321 1422 2369 atque
1454 2314 1670 2371 aliquando
1707 2314 1812 2368 apud
1841 2313 2001 2356 Celsum

357 2380 438 2429 VI,
467 2380 517 2429 6,
549 2381 567 2421 1
604 2380 772 2422 inveniri
799 2381 936 2422 dicunt
963 2382 1150 2422 Matthiae
1178 2388 1220 2423 et
1246 2382 1430 2423 Klotzius
1467 2381 1555 2437 (qui
1584 2381 1722 2423 laudat
1749 2379 1868 2420 etiam
1897 2379 2005 2427 VII,

360 2446 411 2488 18
439 2446 545 2502 fin.);
589 2447 660 2488 sed
689 2447 896 2500 utrobique
925 2448 1163 2488 recentiores
1195 2448 1401 2490 lectionem
1431 2453 1647 2504 mutarupt.
1703 2446 1842 2487 Priore
1870 2450 2003 2486 autem

357 2511 461 2560 loco,
501 2513 569 2554 ubi
597 2512 785 2554 Dar-emb.
815 2512 926 2569 (pag.
957 2514 1058 2562 225,
1086 2513 1161 2568 21)
1195 2514 1354 2567 scripsit
1381 2513 1730 2571 quandocumque,
1766 2511 1870 2564 apud
1899 2510 2002 2551 Ritt.

356 2583 399 2619 et
425 2579 595 2631 Targam
623 2578 822 2620 iuvenitur
849 2579 1087 2634 quandoque
1113 2580 1283 2620 relativa
1309 2579 1613 2632 significatione:
1641 2576 1888 2631 Quandoque
1897 2575 2005 2631 flui-

279 2691 292 2700 ⁴
357 2650 423 2684 tur
459 2643 714 2699 (lippitudo),
756 2645 906 2699 pituita
939 2644 1032 2686 alba
1074 2651 1111 2687 et
1150 2644 1280 2686 mollis
1319 2658 1402 2686 esse
1440 2644 1582 2701 incipit
1590 2659 1606 2693 ,-
1647 2656 1760 2697 quem
1789 2654 1924 2690 usum,
1958 2647 2005 2682 ut

357 2711 461 2762 apud
499 2710 730 2751 Ciceronem
768 2724 843 2751 non
878 2711 952 2760 sit,
994 2711 1052 2752 ita
1088 2711 1193 2764 apud
1228 2717 1369 2765 poetas
1404 2717 1445 2752 et
1481 2710 1715 2764 posteriores
1750 2707 1886 2761 script.
1923 2708 2003 2748 fre-

359 2776 565 2829 quentari,
593 2776 820 2829 Madvigius
847 2777 982 2818 docuit
994 2775 1047 2833 ¹).

466 2840 667 2897 Quippe
711 2843 816 2896 apud
854 2842 1014 2884 Celsum
1050 2855 1244 2896 nusquam
1282 2843 1488 2884 invenitur.
1543 2842 1623 2884 Ubi
1662 2839 1812 2892 majore
1849 2839 1888 2878 vi
1916 2845 2005 2879 erut

358 2907 555 2949 efferenda
581 2908 784 2949 sententia
810 2909 1001 2958 causalis,
1039 2910 1090 2950 ad
1117 2923 1242 2964 quum
1268 2909 1452 2963 apposuit
1475 2908 1699 2964 proesertim
1734 2906 1862 2946 tribus
1891 2905 2003 2945 locis:

424 3055 448 3103 ¹)
477 3058 538 3094 cfr
567 3059 687 3096 Hand.
719 3072 747 3096 s.
779 3073 813 3097 v.
846 3071 933 3106 pag.
957 3059 1051 3096 623.

418 3111 451 3159 ²)
479 3115 537 3151 Ad
564 3115 638 3152 Cic.
666 3117 748 3153 Pin.
777 3128 916 3153 excurs.
947 3117 1012 3161 vl,
1041 3128 1128 3163 pag.
1151 3116 1245 3152 833.
