2106 3658
553 329 607 367 De
636 330 846 369 elocutione
876 330 920 368 A.
951 328 1111 367 Cornelii
1140 327 1248 366 Celsi.
1698 325 1747 362 13

185 443 339 502 Coepi
379 447 576 488 infinitivo
622 461 699 489 non
737 447 875 488 addito
911 459 1016 500 saepe
1044 450 1273 499 usurpatur,
1316 448 1363 485 ut
1390 442 1500 497 apud
1529 442 1628 485 Sall.
1660 442 1749 483 Liv.

75 513 336 568 posteriores,
365 514 475 555 velut
493 513 648 571 febris,
683 513 798 556 dolor
826 520 902 556 cet.
931 513 1073 569 coepit,
1108 512 1209 555 vitia
1236 517 1447 566 coeperunt
1475 516 1551 551 cet.
1609 509 1750 563 Neque

75 581 214 623 Celsus
257 581 333 622 nisi
377 582 513 622 activa
558 583 683 623 forma
727 582 846 635 hujus
882 581 994 622 verbi
1022 581 1167 629 utitur,
1210 579 1331 620 etiam
1365 578 1435 619 ubi
1464 578 1500 618 ei
1529 578 1750 618 infinitivus

75 647 247 701 passivae
291 648 428 689 formae
458 655 499 690 et
527 649 826 702 significationis
856 649 1097 702 adjungitur.
1156 648 1175 688 Ι
1206 659 1378 700 prooem.
1409 658 1448 699 p.
1478 646 1517 694 2,
1547 644 1572 685 5
1601 644 1753 699 aqitari

74 714 210 770 coepit.
238 715 300 757 Ib.
331 729 369 768 p.
403 717 455 756 12
483 717 537 757 in.
562 717 698 771 premi
725 716 908 772 coepisse.
938 716 1014 764 IV,
1045 716 1094 756 31
1127 715 1181 756 in.
1211 713 1352 755 sentiri
1379 718 1607 768 coeperunt.
1651 712 1750 766 VII,

74 781 149 831 26,
178 783 205 822 2
234 796 272 836 p.
302 782 383 824 309
411 784 478 824 fin.
509 784 659 825 adduci
686 783 867 840 coeperit.
925 783 1002 824 Hic
1033 796 1128 824 usus
1159 783 1264 835 apud
1294 786 1434 834 poetas
1464 787 1643 829 veteres,
1678 779 1750 820 Ci-

74 862 274 899 ceronem,
302 849 501 892 Gaesarem
532 864 727 905 nusquam
757 851 978 900 invenitur,
1009 864 1035 890 a
1062 849 1347 904 posterioribus
1372 848 1458 900 jam
1478 847 1569 888 inde
1591 861 1616 888 a
1634 847 1751 888 Livio

76 917 317 970 frequentari
347 924 510 971 coeptus
546 926 620 959 est.
677 919 736 960 Et
771 919 938 960 Tacitus
968 919 1126 972 quidem
1157 929 1315 969 semper
1343 916 1403 956 ita
1433 916 1587 956 locutus
1617 921 1680 955 est
1697 914 1751 969 ¹).

184 981 570 1038 cognominare,
614 992 811 1038 argenteae
842 985 976 1026 aetatis
1005 998 1099 1034 vox,
1144 985 1249 1038 apud
1286 983 1426 1024 Celsus
1456 988 1519 1023 est
1549 982 1750 1023 nonnullis

74 1051 192 1099 locis,
222 1052 330 1092 velut
358 1052 400 1093 V
427 1065 603 1105 prooem.
632 1052 872 1109 Apollonius
902 1053 974 1108 qui
1009 1050 1107 1108 Mys
1145 1050 1445 1107 coynominatus
1485 1056 1552 1091 est.
1611 1050 1750 1091 Cicero

75 1117 194 1160 verba
223 1119 503 1175 coynominata
532 1121 652 1168 dicit,
681 1126 727 1161 ut
756 1120 879 1162 latine
909 1125 1042 1160 vertat
1070 1132 1239 1172 graecum
1270 1116 1533 1171 συνώνυμον.

185 1183 615 1241 Comprehendere
644 1189 783 1228 eodem
813 1188 931 1228 modo
961 1193 1081 1241 atque
1111 1186 1317 1242 concipere
1347 1187 1394 1226 de
1426 1185 1586 1226 muliere
1605 1183 1752 1225 dicitur

75 1253 138 1302 V,
166 1253 241 1302 21,
271 1249 311 1296 7.
342 1254 473 1306 Hujus
503 1255 558 1295 rei
587 1255 739 1296 nullum
770 1261 915 1308 praeter
944 1255 1018 1296 hoc
1047 1254 1272 1307 exemplum
1303 1254 1479 1294 afferunt
1509 1253 1652 1294 lexica.

184 1318 456 1377 Concipere
486 1335 563 1363 non
595 1323 789 1376 appositis
818 1323 985 1363 vocibus
1013 1320 1144 1362 animi
1173 1322 1236 1361 vel
1265 1321 1428 1370 mentis,
1458 1321 1499 1361 id
1520 1320 1623 1374 quod
1645 1319 1751 1372 apud

75 1394 225 1429 veteres
262 1389 403 1442 script.
432 1390 516 1430 fieri
545 1391 664 1439 solet,
706 1391 732 1431 i.
764 1391 842 1431 fere
873 1403 905 1431 s.
937 1403 974 1443 q.
998 1395 1161 1444 putare.
1218 1389 1238 1429 Ι
1267 1401 1439 1442 prooem.
1468 1389 1535 1428 fin.
1575 1385 1635 1428 Ob
1665 1401 1753 1441 quoe

74 1455 274 1510 concipio,
303 1469 409 1505 eum,
438 1457 509 1512 qui
533 1457 707 1512 propria
735 1471 816 1499 non
845 1456 972 1505 novit,
1001 1455 1230 1498 communia
1256 1462 1413 1496 tantum
1431 1454 1581 1496 intueri
1600 1453 1752 1495 debere.

73 1522 158 1571 111,
186 1522 214 1563 4
242 1536 280 1576 p.
311 1519 378 1571 79,
411 1524 431 1565 1
464 1526 536 1579 qui
556 1538 636 1580 per
663 1525 799 1566 omnia
820 1524 1050 1581 jucundam
1079 1523 1166 1580 ejus
1195 1522 1456 1578 disciplinam
1492 1536 1576 1564 esse
1618 1521 1753 1562 conci-

68 1589 201 1644 piunt.
231 1591 318 1632 VII
342 1604 514 1644 prooem.
544 1593 613 1633 fin.
642 1591 736 1648 Eyo
765 1592 932 1633 eundem
962 1591 1123 1647 quidem
1150 1590 1350 1632 hominem
1372 1603 1492 1645 posse
1521 1588 1656 1631 omnia
1674 1588 1752 1629 ista

67 1663 264 1712 proestare
292 1657 483 1714 concipio.
512 1660 598 1708 ΠΙ,
627 1659 654 1700 6
684 1673 721 1713 p.
752 1658 821 1709 86,
856 1661 916 1700 14.
975 1659 1053 1707 IV,
1087 1659 1103 1698 1
1138 1672 1175 1712 p.
1209 1659 1301 1706 122,
1330 1658 1395 1698 20.

184 1721 446 1778 Conferre,
476 1733 522 1767 ut
550 1728 656 1780 apud
688 1733 887 1779 argenteae
915 1726 1048 1767 aetatis
1077 1726 1216 1778 script.
1247 1726 1315 1775 fit,
1351 1725 1378 1766 i.
1408 1738 1439 1766 s,
1471 1739 1509 1779 q.
1535 1724 1751 1781 prodesse,

35 1818 42 1825 ·
73 1790 153 1832 vim
182 1790 346 1842 habere,
377 1800 418 1834 et
447 1794 631 1834 absolute
661 1794 833 1848 positum
865 1800 906 1834 et
935 1799 1123 1847 sequente
1153 1793 1220 1833 ad.

182 1857 455 1902 Consulere
483 1875 571 1902 cum
601 1862 794 1902 adverbio
818 1861 1072 1914 conjunctum
1103 1861 1144 1908 Ι,
1175 1861 1200 1901 3
1230 1874 1268 1913 p.
1303 1859 1366 1909 19,
1395 1859 1470 1900 33:
1501 1857 1642 1900 melius
1657 1873 1752 1900 con-

71 1924 187 1976 sulet,
216 1926 252 1967 si
281 1926 404 1968 biduo
433 1928 690 1970 continuarit.
747 1929 891 1970 Krebs.
924 1942 957 1969 s.
988 1941 1024 1968 ν.
1056 1933 1173 1980 negat
1218 1928 1450 1969 Ciceronem
1495 1926 1587 1967 huic
1631 1926 1752 1968 verbo

73 1993 306 2035 adverbium
335 2008 559 2049 apponere;
588 1996 666 2037 vid.
696 2002 828 2036 tamen
860 1996 950 2037 Att.
980 1992 1020 2045 7,
1055 1996 1118 2043 13,
1148 1996 1185 2035 3.

183 2058 566 2112 Consummatio,
597 2077 675 2104 vox
705 2070 901 2116 argenteae
931 2069 1018 2111 aet.‚
1049 2075 1126 2104 uno
1157 2062 1243 2103 loco
1271 2063 1314 2112 I,
1344 2062 1370 2102 3
1400 2062 1465 2102 fin.
1495 2075 1752 2102 consumma-

73 2127 128 2169 tio
155 2128 335 2169 omnium
363 2136 484 2172 nocet.

184 2193 582 2252 Contemplatrix
612 2206 760 2252 praeter
789 2198 951 2240 Celsum
983 2198 1088 2251 apud
1119 2196 1362 2250 Appulejum
1399 2203 1472 2238 est.
1529 2198 1550 2238 Ι
1580 2209 1751 2249 prooem.

73 2275 111 2314 p.
144 2262 208 2310 10,
237 2259 262 2302 7
292 2277 528 2320 eorumque,
572 2279 660 2321 quoe
701 2265 746 2306 in
788 2264 938 2306 morbis
975 2265 1204 2306 communia
1237 2270 1351 2313 sunt,
1394 2263 1753 2319 contemplatricem

74 2328 353 2384 (medicinam)
382 2345 465 2373 esse
491 2333 742 2374 contendant.

185 2393 485 2440 continuare
520 2399 779 2440 intransitiva
808 2399 846 2440 vi
878 2412 948 2453 pro
979 2412 1023 2440 eo
1053 2399 1158 2453 quod
1189 2404 1252 2439 est
1279 2411 1441 2440 manere
1469 2399 1577 2440 solus
1612 2398 1752 2440 Celsus

73 2463 233 2504 videtur
252 2478 349 2506 usur
368 2479 476 2519 pare.
534 2468 597 2517 11,
629 2467 648 2507 l
681 2481 720 2520 p.
751 2469 816 2516 30,
845 2467 872 2508 5
901 2465 959 2508 At
986 2467 1023 2507 si
1051 2481 1076 2507 a
1099 2466 1241 2522 prima
1269 2465 1395 2507 hieme
1423 2466 1554 2507 austri
1581 2465 1637 2506 ad
1656 2464 1752 2506 ulti-

72 2544 183 2571 mum
201 2544 270 2572 ver
287 2533 586 2575 continuarunt.
629 2535 692 2583 II,
720 2534 747 2575 4
776 2549 814 2588 p.
835 2535 909 2583 34,
939 2535 992 2575 25
1012 2533 1243 2576 Pessimum
1263 2538 1339 2582 est,
1358 2532 1397 2573 si
1414 2547 1464 2575 ne
1482 2532 1635 2574 levatur
1658 2532 1752 2589 qui-

72 2597 162 2638 dem
169 2595 319 2653 febris,
348 2600 418 2641 sed
459 2615 570 2657 oeque
612 2601 806 2643 concitata
843 2602 1055 2643 continuat.
1104 2601 1165 2642 Ib.
1196 2614 1236 2653 p.
1267 2601 1333 2649 34,
1366 2601 1382 2640 1
1410 2600 1630 2656 pejusque,
1673 2614 1752 2656 quo

73 2664 202 2719 maqis
229 2679 349 2721 sopor
376 2667 553 2709 interdiu
581 2674 774 2724 noctuque
802 2669 1018 2711 continuat.
1048 2669 1111 2710 Ib.
1132 2682 1171 2722 p.
1191 2668 1259 2717 34,
1279 2668 1333 2708 23
1353 2682 1486 2723 quoeve
1506 2667 1674 2721 (febres)
1695 2667 1753 2710 sic

72 2732 311 2783 continuent,
340 2741 384 2775 ut
406 2750 485 2792 per
511 2735 754 2778 accessiones
782 2736 1025 2785 increscant,
1049 2750 1129 2792 per
1164 2735 1407 2777 decessiones
1436 2741 1590 2775 tantum
1618 2733 1751 2776 molli-

73 2805 209 2841 antur.
265 2801 349 2851 111,
378 2803 403 2844 3
424 2816 463 2856 p.
485 2799 551 2852 77,
570 2802 623 2845 27
643 2817 690 2844 ac
718 2817 822 2859 saepe
850 2803 940 2845 alite
969 2804 1038 2844 vix
1066 2802 1288 2858 quidquam
1318 2808 1387 2843 aut
1415 2801 1518 2843 nihil
1544 2802 1752 2844 remittunt

74 2865 145 2906 sed
175 2868 431 2920 continuant,
461 2871 528 2912 ubi
559 2877 694 2912 tamen
725 2872 918 2913 Daremb.
949 2871 1027 2912 duo
1057 2876 1261 2924 postrema
1289 2871 1414 2911 verba
1443 2870 1633 2912 excludit.

169 2931 541 2980 Convulnerare
557 2945 700 2992 praeter
714 2938 876 2980 Celsum
891 2939 1044 2980 habeut
1061 2940 1141 2979 fere
1158 2943 1353 2991 argenteae
1369 2937 1502 2979 aetatis
1521 2937 1749 2991 scriptores.

139 3076 166 3126 ¹)
194 3081 359 3176 Issoeger'
408 3082 661 3120 ‹Historische
690 3084 834 3131 Syntax
865 3084 929 3121 der
960 3085 1206 3122 lateinischen
1236 3084 1442 3130 Sprache»,
1489 3083 1588 3131 Lips.
1625 3084 1747 3121 1872.

77 3147 163 3186 pag.
253 3141 274 3176 7
307 3152 389 3187 sqq.
935 3171 938 3173 Α
