2106 3658
354 369 403 404 26
1031 361 1070 397 C.
1101 361 1145 397 A.
1175 361 1319 397 Broldn.

354 480 503 527 verbis,
542 478 613 519 sed
654 475 861 517 admodum
903 474 1000 515 levis
1042 480 1104 515 est
1143 486 1273 515 eorum
1303 474 1405 515 inter
1431 485 1474 514 se
1503 485 1710 515 connexus.
1765 474 1981 515 Dicendum

353 553 441 586 erat.
483 545 562 584 fere
604 547 646 582 ιιι
686 539 750 582 ille
784 538 984 597 confitetur
999 537 1054 595 ¹).
1111 539 1269 581 Similes
1303 539 1376 580 loci
1411 544 1505 580 sunt.
1532 539 1635 588 VII,
1666 539 1716 580 14
1743 553 1780 592 p.
1809 539 1890 581 290
1916 539 1983 580 fin.

352 610 408 652 At
448 622 541 650 caro
582 606 722 648 durior
762 611 818 646 eet
845 605 1117 660 prementique
1151 618 1229 646 non
1270 605 1392 654 cedit,
1427 603 1633 659 prioribus
1659 604 1788 662 facile
1813 604 1986 647 cedend-

352 676 434 717 bus.
462 674 585 722 VIII,
618 672 679 719 10,
708 668 733 712 7
761 670 812 711 iu.
856 669 935 712 His
972 670 1139 727 proprie
1179 670 1233 711 ad
1274 669 1432 726 sinqula
1471 669 1647 712 membra
1682 669 1986 726 pertinentibus,

351 754 489 782 rursus
524 738 594 779 illa
621 736 840 777 communia
867 742 970 778 sunt.
997 760 1052 768 —
1080 737 1336 778 Inveniuntur
1369 736 1487 777 etiam
1523 737 1627 789 apud
1661 737 1821 778 Celsum
1850 748 1987 777 exem-

352 807 439 860 pla,
481 805 546 846 ubi
587 804 673 845 haec
713 807 911 844 structura
946 808 1138 856 usurpata
1171 808 1253 852 est,
1295 814 1528 856 quamquam
1556 802 1772 855 subjectum
1801 802 1987 844 enuntia-

352 872 468 913 tionis
508 868 748 911 secundariae
789 869 908 909 etiam
951 868 990 909 in
1034 869 1228 910 sententia
1262 868 1449 922 primaria
1475 867 1644 921 positum
1673 874 1756 917 est,
1795 868 1906 909 velut
1932 867 1987 916 V,

351 936 417 986 26,
444 933 498 978 27
525 937 577 976 in.
606 934 745 976 Biduo
771 933 828 975 sic
854 933 1011 976 vulnere
1038 933 1191 984 habito,
1218 934 1331 976 tertio
1358 933 1422 975 die
1448 933 1494 975 id
1519 933 1777 989 aperiendum
1795 939 1860 975 est.
1888 934 1987 982 VII,

352 1001 391 1053 7,
418 1002 446 1045 9
473 1001 651 1044 Altitudo
677 1014 758 1044 esee
783 999 912 1057 plaqoe
938 1013 1063 1056 usque
1081 1000 1136 1042 ad
1152 999 1424 1055 cartilayinem
1437 998 1565 1050 debet,
1578 998 1865 1055 ipsaillaniht‘l
1881 998 1987 1040 loesa.

1015 1127 1071 1172 De
1099 1126 1326 1182 adjectivis.

459 1212 686 1266 Saepissime
713 1211 852 1254 Celsus
880 1209 1290 1253 substantivorum
1316 1209 1417 1252 loco
1444 1209 1576 1263 posuit
1602 1210 1799 1264 adjectiva
1825 1215 1868 1251 et.
1894 1221 1989 1263 par-

350 1279 505 1332 ticipia,
533 1279 575 1319 id
602 1279 704 1332 quod
733 1284 774 1319 et
802 1278 1035 1319 brevitatem
1064 1278 1185 1319 efficit
1213 1283 1254 1318 et.
1272 1277 1322 1318 ad
1342 1289 1486 1317 morem
1504 1289 1657 1326 eorum,
1686 1276 1750 1330 qui
1769 1281 1894 1317 artem
1915 1274 1990 1316 ali-

351 1358 468 1398 quam
495 1345 679 1394 tradunt,
708 1345 1045 1385 accommodatum
1076 1350 1150 1385 est.
1207 1345 1273 1384 Ita
1301 1356 1379 1384 vox
1406 1342 1526 1398 αρν-ἰ,
1561 1355 1638 1396 qua
1673 1343 1812 1384 Cicero
1840 1353 1990 1396 quoque

350 1425 420 1464 pro
449 1411 697 1452 substantivo
726 1423 820 1452 usus
849 1416 929 1459 est,
959 1411 1064 1463 apud
1093 1410 1252 1451 Celsum
1281 1415 1323 1451 et.
1349 1409 1389 1449 in
1419 1408 1605 1460 singulari
1633 1413 1674 1449 et
1691 1409 1730 1449 in
1751 1408 1893 1462 plurali
1914 1420 1990 1448 nu-

350 1490 454 1518 mero
495 1477 535 1517 in
579 1477 759 1518 omnibus
801 1477 959 1517 casibus
995 1476 1242 1517 substantive
1271 1475 1441 1528 positum
1470 1475 1668 1516 invenitur
1683 1473 1735 1531 ²).
1792 1473 1992 1527 Exempla

349 1548 540 1596 praeterea
567 1543 754 1583 nonnulla
782 1543 948 1583 afferam
964 1542 1016 1598 3).

458 1610 714 1662 Usurpantur
740 1608 801 1649 ita
828 1609 928 1649 satis
957 1621 1060 1661 saepe
1089 1607 1289 1661 adjectiva
1317 1612 1359 1648 et
1385 1607 1593 1660 participia
1615 1604 1825 1647 masculini
1841 1605 1991 1658 generis

348 1673 564 1729 sinqularie
592 1674 756 1716 numeri.
813 1674 859 1715 In
890 1673 1153 1715 nominativo:
1181 1671 1389 1714 rationalia
1417 1674 1437 1713 1
1465 1685 1636 1726 prooem.
1665 1685 1704 1726 p.
1736 1673 1786 1713 10
1813 1673 1880 1713 fin.
1914 1669 1992 1712 In-

336 1741 505 1797 firmus,
545 1739 678 1782 valens
718 1740 820 1789 VII,
852 1740 927 1789 26,
963 1741 988 1781 5
1025 1753 1062 1793 p.
1099 1740 1201 1789 313,
1241 1738 1303 1780 16.
1347 1739 1405 1787 V,
1433 1738 1506 1789 26,
1535 1738 1573 1780 6.
1630 1737 1815 1796 Affectus
1841 1737 1897 1787 V,
1924 1735 1992 1786 26,

348 1805 387 1848 6.
416 1806 570 1855 Senior,
612 1806 758 1855 tenuis,
792 1805 958 1861 plenus,
993 1805 1244 1855 exercitatus,
1287 1804 1415 1854 iners,
1452 1804 1623 1853 sobrius,
1651 1811 1894 1860 temperans,
1921 1802 1993 1845 de-

348 1873 456 1914 ditus
495 1873 592 1914 ibid.
626 1871 845 1920 Robustus,
887 1878 994 1914 tener
1036 1872 1140 1920 VII,
1180 1870 1230 1913 19
1257 1871 1323 1912 fin.
1358 1894 1412 1901 —
1453 1871 1499 1912 In
1529 1870 1720 1924 genitivo:
1763 1868 1993 1911 dormientis

347 1939 408 1987 11,
437 1941 464 1980 2
491 1952 529 1992 p.
559 1939 612 1979 32
640 1939 694 1979 in.
723 1939 783 1986 II,
810 1937 838 1979 8
865 1951 903 1991 p.
932 1938 1000 1987 48,
1027 1937 1094 1978 28.
1123 1935 1312 1978 cubantis
1339 1936 1423 1986 111,
1449 1937 1478 1977 4
1504 1950 1543 1990 p.
1573 1933 1627 1978 79
1653 1936 1707 1977 in.
1737 1935 1798 1991 (et
1814 1933 1992 1989 saepius).

347 2003 537 2045 Juvantis
571 2005 654 2053 III,
691 2005 742 2044 12
769 2005 836 2045 fin.
878 2002 1068 2046 Curantis
1102 2003 1278 2052 111,15
1312 2003 1378 2043 fin.
1414 2001 1478 2059 (ct.
1512 2000 1687 2058 saepius).
1750 2000 1993 2042 Insanientie

347 2071 433 2119 111,
465 2070 516 2112 18
543 2083 581 2124 Ρ.
610 2070 663 2112 99
690 2071 745 2111 in.
781 2068 961 2112 Jacentie
988 2070 1071 2118 ΠΙ,
1102 2069 1152 2110 19
1181 2082 1219 2122 p.
1252 2069 1342 2116 103,
1369 2069 1436 2110 21.
1477 2066 1749 2109 Per-inlimatis
1776 2068 1829 2116 V,
1857 2066 1925 2115 26,
1957 2066 1992 2107 1.

348 2135 580 2178 Mandentie
609 2137 688 2185 V1,
715 2135 742 2178 9
770 2136 822 2177 iu.
865 2160 917 2166 —
959 2137 1007 2176 In
1044 2136 1198 2176 dativo:
1232 2133 1371 2190 jejuno
1406 2135 1448 2183 Ι,
1481 2135 1507 2175 3
1535 2147 1574 2187 p.
1608 2134 1670 2183 18,
1703 2134 1754 2175 21
1794 2131 1992 2190 (saepius).

354 2202 480 2244 Tenui
505 2203 540 2252 1,
568 2201 595 2244 9
623 2215 660 2255 p.
690 2201 757 2252 25,
789 2201 851 2243 18.
896 2200 1029 2243 Crudo
1056 2202 1118 2251 II,
1148 2201 1201 2242 10
1227 2213 1266 2254 Ρ.
1295 2200 1364 2250 53,
1391 2201 1457 2241 21.
1494 2199 1668 2254 anaro,
1696 2199 1840 2249 inscio,
1864 2198 1994 2255 perito

347 2268 399 2309 ib.
429 2282 466 2321 p.
495 2268 561 2309 54.
607 2265 739 2319 Quam
766 2268 975 2309 sanissimo
1003 2268 1089 2316 ΙΙΙ,
1116 2267 1145 2308 4
1172 2280 1208 2320 p.
1237 2267 1288 2307 81
1319 2267 1386 2307 fin.
1433 2264 1565 2317 Quam
1591 2265 1842 2322 inteqern'mo
1869 2265 1923 2306 ib.
1952 2277 1991 2318 Ρ.

347 2334 402 2375 82
429 2334 481 2376 in.
538 2332 712 2375 Sudanti
738 2334 777 2383 I,
804 2335 830 2375 3
858 2347 897 2388 p.
929 2332 978 2375 17
1005 2333 1060 2374 in.
1107 2331 1233 2374 Usum
1274 2331 1429 2384 habenti
1470 2333 1529 2381 H,
1561 2333 1612 2373 10
1639 2345 1677 2386 p.
1706 2331 1774 2380 54,
1803 2331 1867 2373 23.
1909 2328 1992 2372 Cu-

347 2400 457 2441 ranti
496 2401 575 2449 IV,
608 2401 634 2440 2
670 2401 724 2441 in.
767 2399 971 2442 Prementi
1011 2400 1096 2447 IV,
1134 2398 1186 2440 16
1222 2399 1275 2440 in.
1318 2397 1476 2440 sitienti
1511 2398 1586 2448 lv,
1623 2396 1677 2439 26
1704 2398 1771 2438 fin.
1830 2394 1992 2438 Contin-

345 2467 454 2521 9enti
480 2467 535 2515 V,
563 2464 630 2516 26,
659 2463 711 2508 27
739 2479 777 2520 Ρ.
811 2465 900 2516 194,
927 2467 994 2507 23.
1036 2464 1213 2507 Ducena·
1242 2465 1327 2514 VI,
1357 2465 1422 2514 18,
1450 2465 1477 2505 2
1504 2465 1557 2505 in.
1597 2463 1780 2518 Fatigato
1814 2463 1857 2511 1,
1894 2463 1920 2502 3
1953 2474 1990 2515 Ρ.

352 2530 415 2581 17,
446 2532 509 2573 15.
539 2530 707 2574 coenato
735 2532 788 2581 V,
816 2532 882 2580 25,
913 2531 976 2573 16.
1033 2531 1231 2573 Feminini
1259 2531 1410 2583 generis
1438 2535 1500 2571 est
1526 2528 1723 2571 laboranti
1749 2529 1803 2578 V,
1831 2526 1898 2577 25,
1928 2526 1993 2568 14.

349 2620 402 2628 -
430 2599 477 2638 In
506 2598 752 2639 accusativo:
781 2598 952 2646 inanem,
974 2603 1195 2653 purqatum
1221 2597 1282 2644 11,
1309 2596 1338 2637 8
1352 2597 1417 2637 fin.
1446 2593 1718 2637 Labor-antem
1736 2594 1791 2644 11,
1822 2593 1886 2635 16.
1914 2591 1992 2634 In-

348 2663 562 2706 sanientem
589 2665 672 2712 111,
704 2663 755 2704 18
782 2677 821 2717 p.
853 2664 946 2714 102,
973 2663 1012 2705 8.
1042 2661 1238 2718 Jejunum
1263 2662 1339 2712 IV,
1366 2663 1420 2703 22
1447 2674 1487 2715 Ρ.
1518 2661 1609 2709 148,
1636 2657 1676 2702 7.
1705 2661 1760 2710 V,
1786 2660 1854 2710 28,
1885 2660 1934 2700 12
1953 2671 1991 2712 Ρ.

349 2730 431 2771 214
459 2735 559 2771 extr.
602 2728 822 2771 Ducentem
850 2730 904 2779 V,
932 2730 1000 2779 26,
1029 2730 1082 2772 23
1110 2742 1151 2783 Ρ.
1182 2727 1273 2778 192,
1300 2727 1338 2770 5.
1368 2751 1420 2759 ——
1447 2727 1494 2768 In
1522 2727 1719 2769 ablativo:
1747 2725 1831 2782 (in)
1850 2724 1992 2782 jejuno

349 2796 382 2844 Ι,
409 2797 435 2835 3
462 2809 500 2849 Ρ.
534 2795 597 2845 18,
628 2795 679 2837 16
706 2801 748 2837 et
773 2796 928 2850 saepius.

414 2891 439 2938 ¹)
469 2893 529 2929 Cfr
558 2894 684 2930 Krebs.
716 2894 772 2930 1.1.
804 2894 875 2940 (cd.
906 2893 1094 2941 quartam)
1122 2904 1210 2939 pag.
1242 2892 1292 2929 85
1325 2891 1347 2936 9
1379 2891 1471 2928 146.

407 2947 442 2995 ²)
472 2951 733 2987 Annotandum
763 2951 908 2988 videtur
935 2961 1010 2987 esse
1038 2951 1108 2986 hoc
1138 2950 1236 2992 loco,
1268 2949 1445 2986 vocabulo
1473 2946 1570 2994 quod
1598 2947 1654 2983 est
1679 2950 1833 2994 oeqroeus
1849 2943 1991 2980 Celsum

351 3017 528 3051 nusquam
557 3020 662 3043 usum
690 3018 776 3044 esse.
2027 3032 2030 3037 ¹

411 3059 441 3107 ³)
470 3063 530 3098 Cfr
559 3076 640 3110 quae
668 3064 713 3100 de
741 3065 812 3101 hac
841 3075 879 3099 re
906 3064 1142 3110 disputarunt
1171 3062 1479 3108 Nagelsbachius‚
1520 3059 1774 3096 ‹Lateinische
1802 3056 1987 3094 Stilistik»

352 3117 373 3161 ἕ
403 3119 452 3154 21
484 3131 566 3165 sqq.
623 3121 782 3168 Draeger,
813 3121 868 3158 1.l.
899 3133 986 3168 pag.
1018 3121 1069 3157 36
1099 3131 1180 3165 sqq.
