<?xml version="1.0" encoding="UTF-8"?>
<!DOCTYPE html PUBLIC "-//W3C//DTD XHTML 1.0 Transitional//EN"
    "http://www.w3.org/TR/xhtml1/DTD/xhtml1-transitional.dtd">
<html xmlns="http://www.w3.org/1999/xhtml" xml:lang="en" lang="en">
 <head>
  <title>
</title>
<meta http-equiv="Content-Type" content="text/html;charset=utf-8" />
  <meta name='ocr-system' content='tesseract 3.04.00' />
  <meta name='ocr-capabilities' content='ocr_page ocr_carea ocr_par ocr_line ocrx_word'/>
</head>
<body>
  <div class='ocr_page' id='page_1' title='image "./deelocutioneacor00broluoft_0023.png"; bbox 0 0 2106 3658; ppageno 0'>
   <div class='ocr_carea' id='block_1_1' title="bbox 567 353 1760 391">
    <p class='ocr_par' dir='ltr' id='par_1_1' title="bbox 567 353 1760 391">
     <span class='ocr_line' id='line_1_1' title="bbox 567 353 1760 391; baseline -0.002 -1"><span class='ocrx_word' id='word_1_1' title='bbox 567 354 620 390; x_wconf 91' lang='lat' dir='ltr'><em>De</em></span> <span class='ocrx_word' id='word_1_2' title='bbox 649 354 856 391; x_wconf 75' lang='lat' dir='ltr'>elocutione</span> <span class='ocrx_word' id='word_1_3' title='bbox 886 355 931 391; x_wconf 89' lang='lat' dir='ltr'><em>A.</em></span> <span class='ocrx_word' id='word_1_4' title='bbox 962 353 1124 391; x_wconf 82' lang='lat' dir='ltr'><em>Cornelii</em></span> <span class='ocrx_word' id='word_1_5' title='bbox 1154 353 1262 391; x_wconf 83' lang='lat' dir='ltr'><em>Celsi.</em></span> <span class='ocrx_word' id='word_1_6' title='bbox 1713 353 1760 389; x_wconf 80' lang='lat'><em>17</em></span> 
     </span>
    </p>
   </div>
   <div class='ocr_carea' id='block_1_2' title="bbox 0 461 1766 527">
    <p class='ocr_par' dir='ltr' id='par_1_2' title="bbox 0 461 1766 527">
     <span class='ocr_line' id='line_1_2' title="bbox 0 461 1766 527; baseline -0.002 -16"><span class='ocrx_word' id='word_1_7' title='bbox 0 461 1 467; x_wconf 34' lang='lat'>¹</span> <span class='ocrx_word' id='word_1_8' title='bbox 82 469 155 512; x_wconf 83' lang='lat' dir='ltr'><em>bus</em></span> <span class='ocrx_word' id='word_1_9' title='bbox 196 469 234 511; x_wconf 88' lang='lat' dir='ltr'><em>si</em></span> <span class='ocrx_word' id='word_1_10' title='bbox 274 483 356 526; x_wconf 82' lang='lat' dir='ltr'><em>qua</em></span> <span class='ocrx_word' id='word_1_11' title='bbox 397 474 514 510; x_wconf 78' lang='lat' dir='ltr'><em>erunt</em></span> <span class='ocrx_word' id='word_1_12' title='bbox 556 469 700 519; x_wconf 75' lang='lat' dir='ltr'><em>arida,</em></span> <span class='ocrx_word' id='word_1_13' title='bbox 732 484 810 527; x_wconf 84' lang='lat' dir='ltr'><em>per</em></span> <span class='ocrx_word' id='word_1_14' title='bbox 837 468 1098 526; x_wconf 81' lang='lat' dir='ltr'><em>scriptorium</em></span> <span class='ocrx_word' id='word_1_15' title='bbox 1125 468 1328 511; x_wconf 76' lang='lat' dir='ltr'><em>calamum</em></span> <span class='ocrx_word' id='word_1_16' title='bbox 1354 466 1680 525; x_wconf 70' lang='lat' dir='ltr'><em>inspirabantur.</em></span> <span class='ocrx_word' id='word_1_17' title='bbox 1711 469 1766 517; x_wconf 88' lang='lat' dir='ltr'><em>V,</em></span> 
     </span>
    </p>
   </div>
   <div class='ocr_carea' id='block_1_3' title="bbox 81 535 1765 3272">
    <p class='ocr_par' dir='ltr' id='par_1_3' title="bbox 82 535 426 592">
     <span class='ocr_line' id='line_1_3' title="bbox 82 535 426 592; baseline -0.009 -12"><span class='ocrx_word' id='word_1_18' title='bbox 82 538 138 580; x_wconf 91' lang='lat'><em>28</em></span> <span class='ocrx_word' id='word_1_19' title='bbox 168 551 206 592; x_wconf 89' lang='lat' dir='ltr'><em>p.</em></span> <span class='ocrx_word' id='word_1_20' title='bbox 237 537 332 585; x_wconf 88' lang='lat'>215,</span> <span class='ocrx_word' id='word_1_21' title='bbox 360 535 426 577; x_wconf 85' lang='lat'><em>25.</em></span> 
     </span>
    </p>

    <p class='ocr_par' dir='ltr' id='par_1_4' title="bbox 81 598 1764 796">
     <span class='ocr_line' id='line_1_4' title="bbox 193 598 1762 659; baseline -0.001 -14"><span class='ocrx_word' id='word_1_22' title='bbox 193 603 447 646; x_wconf 81' lang='lat' dir='ltr'><em>Insudare</em></span> <span class='ocrx_word' id='word_1_23' title='bbox 475 604 582 657; x_wconf 86' lang='lat' dir='ltr'><em>apud</em></span> <span class='ocrx_word' id='word_1_24' title='bbox 613 604 773 646; x_wconf 82' lang='lat' dir='ltr'>Celsum</span> <span class='ocrx_word' id='word_1_25' title='bbox 804 605 999 659; x_wconf 81' lang='lat' dir='ltr'><em>frequenS.</em></span> <span class='ocrx_word' id='word_1_26' title='bbox 1043 604 1143 645; x_wconf 91' lang='lat' dir='ltr'><em>Hor.</em></span> <span class='ocrx_word' id='word_1_27' title='bbox 1171 609 1252 646; x_wconf 83' lang='lat' dir='ltr'><em>sat.</em></span> <span class='ocrx_word' id='word_1_28' title='bbox 1285 604 1320 653; x_wconf 94' lang='lat'>1,</span> <span class='ocrx_word' id='word_1_29' title='bbox 1350 603 1390 653; x_wconf 88' lang='grc'><em>4,</em></span> <span class='ocrx_word' id='word_1_30' title='bbox 1417 598 1473 644; x_wconf 85' lang='lat'><em>&#39;72</em></span> <span class='ocrx_word' id='word_1_31' title='bbox 1501 602 1577 644; x_wconf 91' lang='lat' dir='ltr'><em>hoc</em></span> <span class='ocrx_word' id='word_1_32' title='bbox 1596 602 1762 644; x_wconf 86' lang='lat' dir='ltr'><em>verbum</em></span> 
     </span>
     <span class='ocr_line' id='line_1_5' title="bbox 81 669 1764 724; baseline -0.002 -10"><span class='ocrx_word' id='word_1_33' title='bbox 81 673 206 714; x_wconf 85' lang='lat' dir='ltr'><em>hahet</em></span> <span class='ocrx_word' id='word_1_34' title='bbox 233 684 322 713; x_wconf 90' lang='lat' dir='ltr'><em>cum</em></span> <span class='ocrx_word' id='word_1_35' title='bbox 353 671 492 712; x_wconf 83' lang='lat' dir='ltr'><em>dativo</em></span> <span class='ocrx_word' id='word_1_36' title='bbox 521 671 790 723; x_wconf 85' lang='lat' dir='ltr'><em>conjunctum.</em></span> <span class='ocrx_word' id='word_1_37' title='bbox 834 671 876 712; x_wconf 92' lang='lat' dir='ltr'><strong>A</strong></span> <span class='ocrx_word' id='word_1_38' title='bbox 896 672 1014 713; x_wconf 89' lang='lat' dir='ltr'><em>Celso</em></span> <span class='ocrx_word' id='word_1_39' title='bbox 1044 671 1229 712; x_wconf 84' lang='lat' dir='ltr'><em>absolute</em></span> <span class='ocrx_word' id='word_1_40' title='bbox 1258 676 1487 724; x_wconf 86' lang='lat' dir='ltr'><em>usurpatur,</em></span> <span class='ocrx_word' id='word_1_41' title='bbox 1517 669 1630 711; x_wconf 84' lang='lat' dir='ltr'><em>velut</em></span> <span class='ocrx_word' id='word_1_42' title='bbox 1657 671 1764 719; x_wconf 92' lang='lat' dir='ltr'>II,2</span> 
     </span>
     <span class='ocr_line' id='line_1_6' title="bbox 82 737 1763 796; baseline -0.002 -14"><span class='ocrx_word' id='word_1_43' title='bbox 82 741 119 782; x_wconf 81' lang='lat' dir='ltr'><em>si</em></span> <span class='ocrx_word' id='word_1_44' title='bbox 146 752 291 795; x_wconf 74' lang='lat' dir='ltr'><em>corpas</em></span> <span class='ocrx_word' id='word_1_45' title='bbox 321 738 556 779; x_wconf 73' lang='lat' dir='ltr'><em>dormientis</em></span> <span class='ocrx_word' id='word_1_46' title='bbox 584 738 692 780; x_wconf 85' lang='lat' dir='ltr'><em>circa</em></span> <span class='ocrx_word' id='word_1_47' title='bbox 714 746 858 796; x_wconf 80' lang='lat' dir='ltr'><em>partes</em></span> <span class='ocrx_word' id='word_1_48' title='bbox 886 738 1046 795; x_wconf 79' lang='lat' dir='ltr'><em>aliquas</em></span> <span class='ocrx_word' id='word_1_49' title='bbox 1074 744 1213 780; x_wconf 87' lang='lat' dir='ltr'><em>contra</em></span> <span class='ocrx_word' id='word_1_50' title='bbox 1242 738 1567 781; x_wconf 82' lang='lat' dir='ltr'><em>consuetudinem</em></span> <span class='ocrx_word' id='word_1_51' title='bbox 1589 737 1763 779; x_wconf 82' lang='lat' dir='ltr'><em>insudat.</em></span> 
     </span>
    </p>

    <p class='ocr_par' dir='ltr' id='par_1_5' title="bbox 81 804 1764 1063">
     <span class='ocr_line' id='line_1_7' title="bbox 190 804 1763 861; baseline -0.001 -14"><span class='ocrx_word' id='word_1_52' title='bbox 190 804 400 848; x_wconf 79' lang='lat' dir='ltr'><strong><em>Intendi</em></strong></span> <span class='ocrx_word' id='word_1_53' title='bbox 428 819 534 859; x_wconf 86' lang='lat' dir='ltr'><em>saepe</em></span> <span class='ocrx_word' id='word_1_54' title='bbox 564 806 614 846; x_wconf 87' lang='lat' dir='ltr'><em>de</em></span> <span class='ocrx_word' id='word_1_55' title='bbox 643 807 797 856; x_wconf 91' lang='lat' dir='ltr'><em>dolore,</em></span> <span class='ocrx_word' id='word_1_56' title='bbox 828 806 938 847; x_wconf 79' lang='lat' dir='ltr'><em>febre</em></span> <span class='ocrx_word' id='word_1_57' title='bbox 968 812 1044 848; x_wconf 90' lang='lat' dir='ltr'><em>cet.</em></span> <span class='ocrx_word' id='word_1_58' title='bbox 1076 805 1102 847; x_wconf 89' lang='lat' dir='ltr'><em>i.</em></span> <span class='ocrx_word' id='word_1_59' title='bbox 1131 819 1164 847; x_wconf 77' lang='lat' dir='ltr'><em>s,</em></span> <span class='ocrx_word' id='word_1_60' title='bbox 1194 819 1230 860; x_wconf 93' lang='lat' dir='ltr'><em>q.</em></span> <span class='ocrx_word' id='word_1_61' title='bbox 1261 806 1420 861; x_wconf 76' lang='lat' dir='ltr'><em>anyeri,</em></span> <span class='ocrx_word' id='word_1_62' title='bbox 1463 805 1577 846; x_wconf 85' lang='lat' dir='ltr'><em>velut</em></span> <span class='ocrx_word' id='word_1_63' title='bbox 1604 805 1681 855; x_wconf 90' lang='lat' dir='ltr'>IV,</span> <span class='ocrx_word' id='word_1_64' title='bbox 1712 805 1763 846; x_wconf 87' lang='lat'><em>15</em></span> 
     </span>
     <span class='ocr_line' id='line_1_8' title="bbox 81 871 1764 930; baseline -0.001 -14"><span class='ocrx_word' id='word_1_65' title='bbox 81 874 135 916; x_wconf 88' lang='lat' dir='ltr'><em>in.</em></span> <span class='ocrx_word' id='word_1_66' title='bbox 163 872 354 929; x_wconf 82' lang='lat' dir='ltr'><em>dolorque</em></span> <span class='ocrx_word' id='word_1_67' title='bbox 382 872 500 914; x_wconf 84' lang='lat' dir='ltr'><em>modo</em></span> <span class='ocrx_word' id='word_1_68' title='bbox 517 872 687 930; x_wconf 80' lang='lat' dir='ltr'><em>finitur,</em></span> <span class='ocrx_word' id='word_1_69' title='bbox 707 873 826 915; x_wconf 85' lang='lat' dir='ltr'><em>modo</em></span> <span class='ocrx_word' id='word_1_70' title='bbox 853 873 1087 915; x_wconf 77' lang='lat' dir='ltr'><em>intenditur.</em></span> <span class='ocrx_word' id='word_1_71' title='bbox 1144 874 1221 923; x_wconf 88' lang='lat' dir='ltr'>IV,</span> <span class='ocrx_word' id='word_1_72' title='bbox 1250 873 1277 915; x_wconf 87' lang='lat'>6</span> <span class='ocrx_word' id='word_1_73' title='bbox 1306 887 1343 927; x_wconf 94' lang='lat' dir='ltr'><em>p.</em></span> <span class='ocrx_word' id='word_1_74' title='bbox 1377 872 1476 922; x_wconf 88' lang='lat'>128,</span> <span class='ocrx_word' id='word_1_75' title='bbox 1506 871 1560 914; x_wconf 88' lang='lat'><em>35</em></span> <span class='ocrx_word' id='word_1_76' title='bbox 1589 878 1764 928; x_wconf 81' lang='lat' dir='ltr'><em>tempore</em></span> 
     </span>
     <span class='ocr_line' id='line_1_9' title="bbox 82 939 1764 997; baseline -0.001 -14"><span class='ocrx_word' id='word_1_77' title='bbox 82 940 328 990; x_wconf 78' lang='lat' dir='ltr'><em>antelucano,</em></span> <span class='ocrx_word' id='word_1_78' title='bbox 356 953 434 996; x_wconf 83' lang='lat' dir='ltr'><em>quo</em></span> <span class='ocrx_word' id='word_1_79' title='bbox 457 940 666 997; x_wconf 78' lang='lat' dir='ltr'><em>proecipue</em></span> <span class='ocrx_word' id='word_1_80' title='bbox 691 941 828 997; x_wconf 73' lang='lat' dir='ltr'><em>frique</em></span> <span class='ocrx_word' id='word_1_81' title='bbox 855 941 1090 983; x_wconf 78' lang='lat' dir='ltr'><em>intenditur.</em></span> <span class='ocrx_word' id='word_1_82' title='bbox 1135 941 1255 983; x_wconf 88' lang='lat' dir='ltr'><em>Hunc</em></span> <span class='ocrx_word' id='word_1_83' title='bbox 1284 954 1399 983; x_wconf 90' lang='lat' dir='ltr'><em>usum</em></span> <span class='ocrx_word' id='word_1_84' title='bbox 1427 940 1582 982; x_wconf 85' lang='lat' dir='ltr'><em>habent</em></span> <span class='ocrx_word' id='word_1_85' title='bbox 1600 939 1701 982; x_wconf 83' lang='lat' dir='ltr'><strong>Sall.</strong></span> <span class='ocrx_word' id='word_1_86' title='bbox 1721 946 1764 981; x_wconf 90' lang='lat' dir='ltr'><em>et</em></span> 
     </span>
     <span class='ocr_line' id='line_1_10' title="bbox 83 1007 1392 1063; baseline -0.002 -12"><span class='ocrx_word' id='word_1_87' title='bbox 83 1016 283 1063; x_wconf 72' lang='lat' dir='ltr'><em>argenteae</em></span> <span class='ocrx_word' id='word_1_88' title='bbox 311 1007 446 1049; x_wconf 80' lang='lat' dir='ltr'><em>estatis</em></span> <span class='ocrx_word' id='word_1_89' title='bbox 475 1008 704 1062; x_wconf 83' lang='lat' dir='ltr'><em>scriptores.</em></span> <span class='ocrx_word' id='word_1_90' title='bbox 1387 1012 1392 1018; x_wconf 89' lang='lat'><em>&#39;</em></span> 
     </span>
    </p>

    <p class='ocr_par' dir='ltr' id='par_1_6' title="bbox 82 1070 1764 1266">
     <span class='ocr_line' id='line_1_11' title="bbox 192 1070 1764 1133; baseline -0.001 -16"><span class='ocrx_word' id='word_1_91' title='bbox 192 1075 224 1117; x_wconf 93' lang='lat' dir='ltr'><strong><em>I</em></strong></span> <span class='ocrx_word' id='word_1_92' title='bbox 228 1074 555 1118; x_wconf 84' lang='lat' dir='ltr'><em>ntremiscere</em></span> <span class='ocrx_word' id='word_1_93' title='bbox 598 1074 724 1133; x_wconf 92' lang='lat' dir='ltr'><em>(Plin.</em></span> <span class='ocrx_word' id='word_1_94' title='bbox 754 1075 903 1133; x_wconf 88' lang='lat' dir='ltr'><em>major)</em></span> <span class='ocrx_word' id='word_1_95' title='bbox 932 1076 1036 1119; x_wconf 83' lang='lat' dir='ltr'><em>Cels.</em></span> <span class='ocrx_word' id='word_1_96' title='bbox 1065 1075 1152 1117; x_wconf 89' lang='lat' dir='ltr'><em>VII</em></span> <span class='ocrx_word' id='word_1_97' title='bbox 1189 1089 1364 1130; x_wconf 91' lang='lat' dir='ltr'><em>prooem.</em></span> <span class='ocrx_word' id='word_1_98' title='bbox 1393 1088 1433 1129; x_wconf 91' lang='lat' dir='ltr'><em>p.</em></span> <span class='ocrx_word' id='word_1_99' title='bbox 1462 1074 1558 1125; x_wconf 88' lang='lat'>263,</span> <span class='ocrx_word' id='word_1_100' title='bbox 1587 1070 1614 1116; x_wconf 84' lang='lat'><em>&#39;7</em></span> <span class='ocrx_word' id='word_1_101' title='bbox 1636 1088 1764 1116; x_wconf 87' lang='lat' dir='ltr'><em>manu</em></span> 
     </span>
     <span class='ocr_line' id='line_1_12' title="bbox 82 1141 1762 1199; baseline -0.001 -14"><span class='ocrx_word' id='word_1_102' title='bbox 82 1149 244 1186; x_wconf 79' lang='lat' dir='ltr'><em>strenua</em></span> <span class='ocrx_word' id='word_1_103' title='bbox 256 1174 267 1192; x_wconf 93' lang='lat'>,</span> <span class='ocrx_word' id='word_1_104' title='bbox 292 1141 428 1184; x_wconf 83' lang='lat' dir='ltr'><em>stabili</em></span> <span class='ocrx_word' id='word_1_105' title='bbox 445 1157 516 1185; x_wconf 89' lang='lat' dir='ltr'><em>nec</em></span> <span class='ocrx_word' id='word_1_106' title='bbox 534 1157 730 1199; x_wconf 80' lang='lat' dir='ltr'><em>umquam</em></span> <span class='ocrx_word' id='word_1_107' title='bbox 748 1143 1050 1185; x_wconf 70' lang='lat' dir='ltr'><em>intremiscente.</em></span> <span class='ocrx_word' id='word_1_108' title='bbox 1107 1141 1141 1183; x_wconf 95' lang='lat' dir='ltr'><strong><em>I</em></strong></span> <span class='ocrx_word' id='word_1_109' title='bbox 1145 1148 1383 1186; x_wconf 85' lang='lat' dir='ltr'><em>ntremere</em></span> <span class='ocrx_word' id='word_1_110' title='bbox 1413 1142 1549 1199; x_wconf 86' lang='lat' dir='ltr'><em>(Virg.</em></span> <span class='ocrx_word' id='word_1_111' title='bbox 1571 1141 1665 1198; x_wconf 87' lang='lat' dir='ltr'><em>Sil.)</em></span> <span class='ocrx_word' id='word_1_112' title='bbox 1684 1142 1762 1192; x_wconf 95' lang='grc' dir='ltr'>ΙΙΙ,</span> 
     </span>
     <span class='ocr_line' id='line_1_13' title="bbox 82 1206 998 1266; baseline -0.002 -13"><span class='ocrx_word' id='word_1_113' title='bbox 82 1212 109 1252; x_wconf 87' lang='lat'><strong>3</strong></span> <span class='ocrx_word' id='word_1_114' title='bbox 135 1225 176 1266; x_wconf 89' lang='lat' dir='ltr'><em>p.</em></span> <span class='ocrx_word' id='word_1_115' title='bbox 205 1206 273 1260; x_wconf 77' lang='lat'>¹77,</span> <span class='ocrx_word' id='word_1_116' title='bbox 301 1210 357 1252; x_wconf 86' lang='lat'><em>24</em></span> <span class='ocrx_word' id='word_1_117' title='bbox 384 1209 456 1252; x_wconf 78' lang='lat' dir='ltr'><em>ubi</em></span> <span class='ocrx_word' id='word_1_118' title='bbox 482 1223 627 1266; x_wconf 82' lang='lat' dir='ltr'><em>corpus</em></span> <span class='ocrx_word' id='word_1_119' title='bbox 656 1216 780 1252; x_wconf 80' lang='lat' dir='ltr'><em>totum</em></span> <span class='ocrx_word' id='word_1_120' title='bbox 809 1210 998 1254; x_wconf 86' lang='lat' dir='ltr'><em>intremit.</em></span> 
     </span>
    </p>

    <p class='ocr_par' dir='ltr' id='par_1_7' title="bbox 82 1275 1762 1388">
     <span class='ocr_line' id='line_1_14' title="bbox 195 1275 1762 1335; baseline 0.001 -17"><span class='ocrx_word' id='word_1_121' title='bbox 195 1275 487 1333; x_wconf 73' lang='lat' dir='ltr'><em>Inviqilare</em></span> <span class='ocrx_word' id='word_1_122' title='bbox 516 1276 690 1335; x_wconf 68' lang='lat' dir='ltr'><em>(poetae,</em></span> <span class='ocrx_word' id='word_1_123' title='bbox 717 1276 828 1335; x_wconf 89' lang='lat' dir='ltr'><em>Col.)</em></span> <span class='ocrx_word' id='word_1_124' title='bbox 858 1279 901 1329; x_wconf 93' lang='lat' dir='ltr'>I,</span> <span class='ocrx_word' id='word_1_125' title='bbox 929 1279 956 1319; x_wconf 94' lang='lat'>2</span> <span class='ocrx_word' id='word_1_126' title='bbox 984 1278 1052 1320; x_wconf 89' lang='lat' dir='ltr'><em>fin.</em></span> <span class='ocrx_word' id='word_1_127' title='bbox 1083 1283 1167 1319; x_wconf 79' lang='lat' dir='ltr'><em>tum</em></span> <span class='ocrx_word' id='word_1_128' title='bbox 1188 1276 1404 1334; x_wconf 80' lang='lat' dir='ltr'><em>paulisper</em></span> <span class='ocrx_word' id='word_1_129' title='bbox 1437 1275 1643 1333; x_wconf 74' lang='lat' dir='ltr'><em>inviyilat,</em></span> <span class='ocrx_word' id='word_1_130' title='bbox 1687 1276 1762 1320; x_wconf 79' lang='lat' dir='ltr'><em>de-</em></span> 
     </span>
     <span class='ocr_line' id='line_1_15' title="bbox 82 1344 487 1388; baseline 0 -2"><span class='ocrx_word' id='word_1_131' title='bbox 82 1345 176 1388; x_wconf 82' lang='lat' dir='ltr'><em>inde</em></span> <span class='ocrx_word' id='word_1_132' title='bbox 202 1344 298 1387; x_wconf 85' lang='lat' dir='ltr'><em>bene</em></span> <span class='ocrx_word' id='word_1_133' title='bbox 325 1344 487 1387; x_wconf 82' lang='lat' dir='ltr'><em>dormit.</em></span> 
     </span>
    </p>

    <p class='ocr_par' dir='ltr' id='par_1_8' title="bbox 84 1411 1760 1535">
     <span class='ocr_line' id='line_1_16' title="bbox 193 1411 1760 1467; baseline -0.001 -14"><span class='ocrx_word' id='word_1_134' title='bbox 193 1411 513 1462; x_wconf 81' lang='lat' dir='ltr'><em>Invisibilis,</em></span> <span class='ocrx_word' id='word_1_135' title='bbox 543 1426 660 1467; x_wconf 86' lang='lat' dir='ltr'><em>quam</em></span> <span class='ocrx_word' id='word_1_136' title='bbox 691 1426 830 1455; x_wconf 89' lang='lat' dir='ltr'><em>vocem</em></span> <span class='ocrx_word' id='word_1_137' title='bbox 860 1419 1003 1467; x_wconf 86' lang='lat' dir='ltr'><em>praeter</em></span> <span class='ocrx_word' id='word_1_138' title='bbox 1031 1413 1192 1456; x_wconf 85' lang='lat' dir='ltr'><strong>Celsum</strong></span> <span class='ocrx_word' id='word_1_139' title='bbox 1223 1411 1330 1466; x_wconf 86' lang='lat' dir='ltr'><em>apud</em></span> <span class='ocrx_word' id='word_1_140' title='bbox 1350 1411 1545 1454; x_wconf 87' lang='lat' dir='ltr'><em>Lactant.</em></span> <span class='ocrx_word' id='word_1_141' title='bbox 1564 1412 1675 1453; x_wconf 87' lang='lat' dir='ltr'><em>Tert.</em></span> <span class='ocrx_word' id='word_1_142' title='bbox 1695 1411 1760 1452; x_wconf 92' lang='lat' dir='ltr'><em>in-</em></span> 
     </span>
     <span class='ocr_line' id='line_1_17' title="bbox 84 1477 1655 1535; baseline 0 -14"><span class='ocrx_word' id='word_1_143' title='bbox 84 1480 209 1522; x_wconf 88' lang='lat' dir='ltr'><em>veniri</em></span> <span class='ocrx_word' id='word_1_144' title='bbox 237 1481 415 1522; x_wconf 82' lang='lat' dir='ltr'><em>afferunt</em></span> <span class='ocrx_word' id='word_1_145' title='bbox 443 1480 591 1530; x_wconf 83' lang='lat' dir='ltr'><em>lexica,</em></span> <span class='ocrx_word' id='word_1_146' title='bbox 621 1485 686 1522; x_wconf 88' lang='lat' dir='ltr'><em>est</em></span> <span class='ocrx_word' id='word_1_147' title='bbox 714 1481 735 1522; x_wconf 97' lang='grc' dir='ltr'>Ι</span> <span class='ocrx_word' id='word_1_148' title='bbox 763 1494 935 1534; x_wconf 87' lang='lat' dir='ltr'><em>prooem.</em></span> <span class='ocrx_word' id='word_1_149' title='bbox 964 1495 1005 1535; x_wconf 87' lang='lat' dir='ltr'><em>p.</em></span> <span class='ocrx_word' id='word_1_150' title='bbox 1034 1481 1074 1530; x_wconf 89' lang='grc'><em>3,</em></span> <span class='ocrx_word' id='word_1_151' title='bbox 1104 1477 1158 1522; x_wconf 85' lang='grc'><em>27</em></span> <span class='ocrx_word' id='word_1_152' title='bbox 1186 1477 1408 1522; x_wconf 67' lang='lat' dir='ltr'><em>invisibilia</em></span> <span class='ocrx_word' id='word_1_153' title='bbox 1425 1477 1655 1535; x_wconf 76' lang='lat' dir='ltr'><em>foramina.</em></span> 
     </span>
    </p>

    <p class='ocr_par' dir='ltr' id='par_1_9' title="bbox 82 1543 1765 1873">
     <span class='ocr_line' id='line_1_18' title="bbox 193 1543 1762 1605; baseline -0.001 -17"><span class='ocrx_word' id='word_1_154' title='bbox 193 1546 541 1589; x_wconf 84' lang='lat' dir='ltr'><em>Irrationalis</em></span> <span class='ocrx_word' id='word_1_155' title='bbox 568 1546 686 1603; x_wconf 84' lang='lat' dir='ltr'><em>(Seu.</em></span> <span class='ocrx_word' id='word_1_156' title='bbox 715 1545 881 1605; x_wconf 83' lang='lat' dir='ltr'><em>Quint.)</em></span> <span class='ocrx_word' id='word_1_157' title='bbox 911 1549 1019 1602; x_wconf 82' lang='lat' dir='ltr'><em>apud</em></span> <span class='ocrx_word' id='word_1_158' title='bbox 1048 1548 1153 1590; x_wconf 85' lang='lat' dir='ltr'><em>Cels.</em></span> <span class='ocrx_word' id='word_1_159' title='bbox 1185 1554 1249 1589; x_wconf 89' lang='lat' dir='ltr'><em>est</em></span> <span class='ocrx_word' id='word_1_160' title='bbox 1267 1547 1288 1588; x_wconf 96' lang='lat' dir='ltr'>I</span> <span class='ocrx_word' id='word_1_161' title='bbox 1308 1559 1480 1601; x_wconf 89' lang='lat' dir='ltr'><em>prooem.</em></span> <span class='ocrx_word' id='word_1_162' title='bbox 1501 1561 1540 1602; x_wconf 90' lang='lat' dir='ltr'><em>p.</em></span> <span class='ocrx_word' id='word_1_163' title='bbox 1561 1543 1602 1596; x_wconf 79' lang='lat'><em>¹7,</em></span> <span class='ocrx_word' id='word_1_164' title='bbox 1626 1547 1669 1597; x_wconf 91' lang='lat'>1,</span> <span class='ocrx_word' id='word_1_165' title='bbox 1694 1545 1762 1587; x_wconf 90' lang='lat' dir='ltr'><em>ubi</em></span> 
     </span>
     <span class='ocr_line' id='line_1_19' title="bbox 83 1614 1761 1670; baseline -0.001 -14"><span class='ocrx_word' id='word_1_166' title='bbox 83 1614 176 1656; x_wconf 90' lang='lat' dir='ltr'><em>olim</em></span> <span class='ocrx_word' id='word_1_167' title='bbox 205 1615 399 1668; x_wconf 87' lang='lat' dir='ltr'><em>scriptum</em></span> <span class='ocrx_word' id='word_1_168' title='bbox 430 1621 517 1657; x_wconf 83' lang='lat' dir='ltr'><em>erat</em></span> <span class='ocrx_word' id='word_1_169' title='bbox 544 1614 860 1665; x_wconf 78' lang='lat' dir='ltr'><em>irrationabilis,</em></span> <span class='ocrx_word' id='word_1_170' title='bbox 903 1629 991 1670; x_wconf 84' lang='lat' dir='ltr'><em>quae</em></span> <span class='ocrx_word' id='word_1_171' title='bbox 1020 1617 1149 1657; x_wconf 88' lang='lat' dir='ltr'><em>forma</em></span> <span class='ocrx_word' id='word_1_172' title='bbox 1176 1615 1285 1669; x_wconf 87' lang='lat' dir='ltr'><em>apud</em></span> <span class='ocrx_word' id='word_1_173' title='bbox 1313 1615 1475 1656; x_wconf 89' lang='lat' dir='ltr'>Celsum</span> <span class='ocrx_word' id='word_1_174' title='bbox 1504 1628 1583 1656; x_wconf 92' lang='lat' dir='ltr'><em>non</em></span> <span class='ocrx_word' id='word_1_175' title='bbox 1614 1619 1761 1655; x_wconf 84' lang='lat' dir='ltr'><em>exstat.</em></span> 
     </span>
     <span class='ocr_line' id='line_1_20' title="bbox 82 1681 1763 1737; baseline -0.001 -14"><span class='ocrx_word' id='word_1_176' title='bbox 82 1681 354 1724; x_wconf 83' lang='lat' dir='ltr'><em>Rationabilis</em></span> <span class='ocrx_word' id='word_1_177' title='bbox 381 1695 554 1736; x_wconf 89' lang='lat' dir='ltr'><em>quoque,</em></span> <span class='ocrx_word' id='word_1_178' title='bbox 583 1684 688 1736; x_wconf 89' lang='lat' dir='ltr'><em>quod</em></span> <span class='ocrx_word' id='word_1_179' title='bbox 717 1683 909 1737; x_wconf 87' lang='lat' dir='ltr'><em>scriptum</em></span> <span class='ocrx_word' id='word_1_180' title='bbox 940 1689 1027 1725; x_wconf 85' lang='lat' dir='ltr'><em>erat</em></span> <span class='ocrx_word' id='word_1_181' title='bbox 1054 1684 1075 1724; x_wconf 97' lang='grc' dir='ltr'>Ι</span> <span class='ocrx_word' id='word_1_182' title='bbox 1103 1696 1282 1737; x_wconf 87' lang='lat' dir='ltr'><em>prooem.</em></span> <span class='ocrx_word' id='word_1_183' title='bbox 1310 1696 1350 1736; x_wconf 89' lang='lat' dir='ltr'><em>p.</em></span> <span class='ocrx_word' id='word_1_184' title='bbox 1379 1681 1420 1732; x_wconf 92' lang='lat'><em>9,</em></span> <span class='ocrx_word' id='word_1_185' title='bbox 1453 1681 1518 1732; x_wconf 89' lang='lat'>11,</span> <span class='ocrx_word' id='word_1_186' title='bbox 1546 1694 1653 1723; x_wconf 90' lang='lat' dir='ltr'><em>nunc</em></span> <span class='ocrx_word' id='word_1_187' title='bbox 1673 1694 1763 1722; x_wconf 90' lang='lat' dir='ltr'><em>mu-</em></span> 
     </span>
     <span class='ocr_line' id='line_1_21' title="bbox 83 1748 1765 1804; baseline -0.001 -13"><span class='ocrx_word' id='word_1_188' title='bbox 83 1755 217 1791; x_wconf 84' lang='lat' dir='ltr'><em>tatum</em></span> <span class='ocrx_word' id='word_1_189' title='bbox 262 1757 326 1791; x_wconf 88' lang='lat' dir='ltr'><em>est</em></span> <span class='ocrx_word' id='word_1_190' title='bbox 366 1749 408 1790; x_wconf 89' lang='lat' dir='ltr'><em>in</em></span> <span class='ocrx_word' id='word_1_191' title='bbox 451 1750 615 1791; x_wconf 91' lang='lat' dir='ltr'><em>verbum</em></span> <span class='ocrx_word' id='word_1_192' title='bbox 658 1749 885 1792; x_wconf 82' lang='lat' dir='ltr'><em>rationalis.</em></span> <span class='ocrx_word' id='word_1_193' title='bbox 943 1750 1014 1792; x_wconf 85' lang='lat' dir='ltr'><em>Cfr</em></span> <span class='ocrx_word' id='word_1_194' title='bbox 1042 1763 1130 1804; x_wconf 86' lang='lat' dir='ltr'><em>quae</em></span> <span class='ocrx_word' id='word_1_195' title='bbox 1167 1751 1217 1792; x_wconf 86' lang='lat' dir='ltr'><em>de</em></span> <span class='ocrx_word' id='word_1_196' title='bbox 1252 1750 1314 1791; x_wconf 92' lang='lat' dir='ltr'><em>his</em></span> <span class='ocrx_word' id='word_1_197' title='bbox 1358 1749 1496 1791; x_wconf 89' lang='lat' dir='ltr'><em>formis</em></span> <span class='ocrx_word' id='word_1_198' title='bbox 1539 1748 1765 1803; x_wconf 77' lang='lat' dir='ltr'><em>disputavit</em></span> 
     </span>
     <span class='ocr_line' id='line_1_22' title="bbox 83 1815 1091 1873; baseline -0.001 -13"><span class='ocrx_word' id='word_1_199' title='bbox 83 1816 340 1871; x_wconf 84' lang='lat' dir='ltr'><em>Spaldingius</em></span> <span class='ocrx_word' id='word_1_200' title='bbox 368 1817 420 1858; x_wconf 84' lang='lat' dir='ltr'><em>ad</em></span> <span class='ocrx_word' id='word_1_201' title='bbox 450 1815 592 1863; x_wconf 79' lang='lat' dir='ltr'><em>Quint.</em></span> <span class='ocrx_word' id='word_1_202' title='bbox 620 1817 716 1859; x_wconf 88' lang='lat' dir='ltr'><em>inst.</em></span> <span class='ocrx_word' id='word_1_203' title='bbox 746 1831 802 1859; x_wconf 90' lang='lat' dir='ltr'><em>or.</em></span> <span class='ocrx_word' id='word_1_204' title='bbox 831 1818 899 1873; x_wconf 84' lang='grc' dir='ltr'>ΙΙ,</span> <span class='ocrx_word' id='word_1_205' title='bbox 932 1816 997 1867; x_wconf 90' lang='grc'>16,</span> <span class='ocrx_word' id='word_1_206' title='bbox 1028 1817 1091 1859; x_wconf 92' lang='lat'><em>16.</em></span> 
     </span>
    </p>

    <p class='ocr_par' dir='ltr' id='par_1_10' title="bbox 81 1881 1762 2128">
     <span class='ocr_line' id='line_1_23' title="bbox 193 1881 1762 1940; baseline -0.001 -15"><span class='ocrx_word' id='word_1_207' title='bbox 193 1881 440 1934; x_wconf 79' lang='lat' dir='ltr'><em>Juventa,</em></span> <span class='ocrx_word' id='word_1_208' title='bbox 483 1897 564 1938; x_wconf 88' lang='lat' dir='ltr'><em>qua</em></span> <span class='ocrx_word' id='word_1_209' title='bbox 606 1885 739 1926; x_wconf 86' lang='lat' dir='ltr'><em>forma</em></span> <span class='ocrx_word' id='word_1_210' title='bbox 774 1891 902 1939; x_wconf 84' lang='lat' dir='ltr'><em>poetae</em></span> <span class='ocrx_word' id='word_1_211' title='bbox 939 1891 1106 1927; x_wconf 89' lang='lat' dir='ltr'><em>utuntur</em></span> <span class='ocrx_word' id='word_1_212' title='bbox 1146 1890 1189 1926; x_wconf 83' lang='lat' dir='ltr'><em>et</em></span> <span class='ocrx_word' id='word_1_213' title='bbox 1216 1885 1431 1940; x_wconf 83' lang='lat' dir='ltr'><em>scriptores</em></span> <span class='ocrx_word' id='word_1_214' title='bbox 1459 1889 1554 1938; x_wconf 86' lang='lat' dir='ltr'><em>post</em></span> <span class='ocrx_word' id='word_1_215' title='bbox 1580 1883 1762 1932; x_wconf 86' lang='lat' dir='ltr'><em>Livium,</em></span> 
     </span>
     <span class='ocr_line' id='line_1_24' title="bbox 84 1950 1762 2006; baseline 0.001 -14"><span class='ocrx_word' id='word_1_216' title='bbox 84 1952 190 2005; x_wconf 83' lang='lat' dir='ltr'><em>apud</em></span> <span class='ocrx_word' id='word_1_217' title='bbox 220 1950 381 1993; x_wconf 81' lang='lat' dir='ltr'>Celsum</span> <span class='ocrx_word' id='word_1_218' title='bbox 413 1957 477 1993; x_wconf 88' lang='lat' dir='ltr'><em>est</em></span> <span class='ocrx_word' id='word_1_219' title='bbox 504 1953 572 2001; x_wconf 93' lang='lat' dir='ltr'>II,</span> <span class='ocrx_word' id='word_1_220' title='bbox 605 1953 623 1993; x_wconf 90' lang='lat'>1</span> <span class='ocrx_word' id='word_1_221' title='bbox 657 1966 696 2006; x_wconf 92' lang='lat' dir='ltr'><em>p.</em></span> <span class='ocrx_word' id='word_1_222' title='bbox 726 1951 793 2002; x_wconf 88' lang='grc'><em>28,</em></span> <span class='ocrx_word' id='word_1_223' title='bbox 822 1953 872 1993; x_wconf 90' lang='grc'><em>21</em></span> <span class='ocrx_word' id='word_1_224' title='bbox 905 1957 948 1994; x_wconf 86' lang='lat' dir='ltr'><em>et</em></span> <span class='ocrx_word' id='word_1_225' title='bbox 977 1954 1117 1994; x_wconf 88' lang='lat' dir='ltr'><em>eadem</em></span> <span class='ocrx_word' id='word_1_226' title='bbox 1147 1965 1238 2006; x_wconf 86' lang='lat' dir='ltr'><em>pag.</em></span> <span class='ocrx_word' id='word_1_227' title='bbox 1269 1953 1295 1994; x_wconf 93' lang='lat' dir='ltr'><em>l.</em></span> <span class='ocrx_word' id='word_1_228' title='bbox 1325 1951 1391 1994; x_wconf 87' lang='lat'><em>25.</em></span> <span class='ocrx_word' id='word_1_229' title='bbox 1434 1953 1497 1993; x_wconf 94' lang='lat' dir='ltr'><em>Ib.</em></span> <span class='ocrx_word' id='word_1_230' title='bbox 1527 1965 1566 2006; x_wconf 91' lang='lat' dir='ltr'><em>p.</em></span> <span class='ocrx_word' id='word_1_231' title='bbox 1596 1951 1665 2001; x_wconf 88' lang='grc'><em>30,</em></span> <span class='ocrx_word' id='word_1_232' title='bbox 1694 1951 1762 1993; x_wconf 90' lang='lat'><em>21.</em></span> 
     </span>
     <span class='ocr_line' id='line_1_25' title="bbox 81 2016 1760 2074; baseline -0.001 -14"><span class='ocrx_word' id='word_1_233' title='bbox 81 2016 304 2068; x_wconf 79' lang='lat' dir='ltr'><em>Juventus,</em></span> <span class='ocrx_word' id='word_1_234' title='bbox 340 2032 460 2074; x_wconf 89' lang='lat' dir='ltr'><em>quam</em></span> <span class='ocrx_word' id='word_1_235' title='bbox 497 2019 637 2062; x_wconf 87' lang='lat' dir='ltr'><em>Cicero</em></span> <span class='ocrx_word' id='word_1_236' title='bbox 674 2020 796 2061; x_wconf 85' lang='lat' dir='ltr'><em>habet</em></span> <span class='ocrx_word' id='word_1_237' title='bbox 831 2021 999 2062; x_wconf 87' lang='lat' dir='ltr'><em>formam</em></span> <span class='ocrx_word' id='word_1_238' title='bbox 1034 2020 1153 2074; x_wconf 87' lang='lat' dir='ltr'><em>hujus</em></span> <span class='ocrx_word' id='word_1_239' title='bbox 1182 2020 1316 2070; x_wconf 88' lang='lat' dir='ltr'><em>verbi,</em></span> <span class='ocrx_word' id='word_1_240' title='bbox 1346 2019 1455 2074; x_wconf 88' lang='lat' dir='ltr'><em>apud</em></span> <span class='ocrx_word' id='word_1_241' title='bbox 1484 2019 1644 2062; x_wconf 85' lang='lat' dir='ltr'><strong>Celsum</strong></span> <span class='ocrx_word' id='word_1_242' title='bbox 1681 2031 1760 2060; x_wconf 91' lang='lat' dir='ltr'><em>non</em></span> 
     </span>
     <span class='ocr_line' id='line_1_26' title="bbox 82 2085 295 2128; baseline 0 -1"><span class='ocrx_word' id='word_1_243' title='bbox 82 2085 295 2128; x_wconf 87' lang='lat' dir='ltr'><em>invenitur.</em></span> 
     </span>
    </p>

    <p class='ocr_par' dir='ltr' id='par_1_11' title="bbox 84 2151 1763 2329">
     <span class='ocr_line' id='line_1_27' title="bbox 194 2151 1763 2209; baseline -0.001 -15"><span class='ocrx_word' id='word_1_244' title='bbox 194 2151 438 2204; x_wconf 83' lang='lat' dir='ltr'><em>Lassare,</em></span> <span class='ocrx_word' id='word_1_245' title='bbox 468 2154 572 2208; x_wconf 90' lang='lat' dir='ltr'><em>quod</em></span> <span class='ocrx_word' id='word_1_246' title='bbox 601 2155 764 2196; x_wconf 88' lang='lat' dir='ltr'><em>verbum</em></span> <span class='ocrx_word' id='word_1_247' title='bbox 793 2155 901 2208; x_wconf 88' lang='lat' dir='ltr'><em>apud</em></span> <span class='ocrx_word' id='word_1_248' title='bbox 931 2160 1072 2209; x_wconf 87' lang='lat' dir='ltr'><em>poetas</em></span> <span class='ocrx_word' id='word_1_249' title='bbox 1092 2160 1154 2196; x_wconf 86' lang='lat' dir='ltr'><em>est</em></span> <span class='ocrx_word' id='word_1_250' title='bbox 1172 2159 1214 2196; x_wconf 88' lang='lat' dir='ltr'><em>et</em></span> <span class='ocrx_word' id='word_1_251' title='bbox 1231 2154 1462 2209; x_wconf 84' lang='lat' dir='ltr'><em>posterioris</em></span> <span class='ocrx_word' id='word_1_252' title='bbox 1481 2153 1615 2196; x_wconf 80' lang='lat' dir='ltr'><em>aetatis</em></span> <span class='ocrx_word' id='word_1_253' title='bbox 1633 2151 1763 2206; x_wconf 83' lang='lat' dir='ltr'><em>scrip-</em></span> 
     </span>
     <span class='ocr_line' id='line_1_28' title="bbox 84 2219 1762 2277; baseline -0.001 -14"><span class='ocrx_word' id='word_1_254' title='bbox 84 2226 218 2271; x_wconf 75' lang='lat' dir='ltr'><em>toreS,</em></span> <span class='ocrx_word' id='word_1_255' title='bbox 248 2220 388 2263; x_wconf 88' lang='lat' dir='ltr'><em>Celsus</em></span> <span class='ocrx_word' id='word_1_256' title='bbox 416 2221 542 2263; x_wconf 84' lang='lat' dir='ltr'><em>habet</em></span> <span class='ocrx_word' id='word_1_257' title='bbox 569 2234 648 2263; x_wconf 90' lang='lat' dir='ltr'><em>uno</em></span> <span class='ocrx_word' id='word_1_258' title='bbox 677 2221 785 2272; x_wconf 90' lang='lat' dir='ltr'><em>loc0,</em></span> <span class='ocrx_word' id='word_1_259' title='bbox 813 2222 854 2273; x_wconf 94' lang='grc' dir='ltr'>Ι,</span> <span class='ocrx_word' id='word_1_260' title='bbox 884 2223 910 2263; x_wconf 88' lang='lat'><strong>3</strong></span> <span class='ocrx_word' id='word_1_261' title='bbox 938 2236 977 2277; x_wconf 91' lang='lat' dir='ltr'><em>p.</em></span> <span class='ocrx_word' id='word_1_262' title='bbox 1008 2219 1074 2272; x_wconf 84' lang='lat'>17,</span> <span class='ocrx_word' id='word_1_263' title='bbox 1105 2222 1156 2263; x_wconf 87' lang='lat'><em>15</em></span> <span class='ocrx_word' id='word_1_264' title='bbox 1184 2220 1389 2264; x_wconf 81' lang='lat' dir='ltr'><em>insolitam</em></span> <span class='ocrx_word' id='word_1_265' title='bbox 1425 2219 1589 2276; x_wconf 83' lang='lat' dir='ltr'><em>(cubile)</em></span> <span class='ocrx_word' id='word_1_266' title='bbox 1623 2226 1762 2262; x_wconf 85' lang='lat' dir='ltr'><em>contra</em></span> 
     </span>
     <span class='ocr_line' id='line_1_29' title="bbox 84 2286 220 2329; baseline 0 0"><span class='ocrx_word' id='word_1_267' title='bbox 84 2286 220 2329; x_wconf 82' lang='lat' dir='ltr'><em>lassat.</em></span> 
     </span>
    </p>

    <p class='ocr_par' dir='ltr' id='par_1_12' title="bbox 84 2353 1763 2480">
     <span class='ocr_line' id='line_1_30' title="bbox 196 2353 1763 2411; baseline -0.001 -14"><span class='ocrx_word' id='word_1_268' title='bbox 196 2353 371 2398; x_wconf 68' lang='lat' dir='ltr'><em>Levov·</em></span> <span class='ocrx_word' id='word_1_269' title='bbox 397 2368 468 2409; x_wconf 90' lang='lat' dir='ltr'><em>pro</em></span> <span class='ocrx_word' id='word_1_270' title='bbox 496 2353 680 2406; x_wconf 74' lang='lat' dir='ltr'><em>levitate,</em></span> <span class='ocrx_word' id='word_1_271' title='bbox 723 2369 811 2411; x_wconf 84' lang='lat' dir='ltr'><em>quae</em></span> <span class='ocrx_word' id='word_1_272' title='bbox 850 2357 979 2398; x_wconf 86' lang='lat' dir='ltr'><em>forma</em></span> <span class='ocrx_word' id='word_1_273' title='bbox 1017 2362 1059 2398; x_wconf 88' lang='lat' dir='ltr'><em>et</em></span> <span class='ocrx_word' id='word_1_274' title='bbox 1097 2356 1301 2399; x_wconf 84' lang='lat' dir='ltr'><em>Ciceronis</em></span> <span class='ocrx_word' id='word_1_275' title='bbox 1344 2361 1409 2398; x_wconf 86' lang='lat' dir='ltr'><em>est</em></span> <span class='ocrx_word' id='word_1_276' title='bbox 1442 2361 1484 2397; x_wconf 87' lang='lat' dir='ltr'><em>et</em></span> <span class='ocrx_word' id='word_1_277' title='bbox 1521 2355 1629 2410; x_wconf 87' lang='lat' dir='ltr'><em>apud</em></span> <span class='ocrx_word' id='word_1_278' title='bbox 1668 2353 1763 2397; x_wconf 87' lang='lat' dir='ltr'><em>Cel-</em></span> 
     </span>
     <span class='ocr_line' id='line_1_31' title="bbox 84 2421 1193 2480; baseline 0.002 -16"><span class='ocrx_word' id='word_1_279' title='bbox 84 2435 173 2464; x_wconf 79' lang='lat' dir='ltr'><em>eum</em></span> <span class='ocrx_word' id='word_1_280' title='bbox 202 2423 404 2473; x_wconf 79' lang='lat' dir='ltr'><em>usitatior,</em></span> <span class='ocrx_word' id='word_1_281' title='bbox 434 2423 455 2464; x_wconf 96' lang='grc' dir='ltr'>Ι</span> <span class='ocrx_word' id='word_1_282' title='bbox 483 2436 658 2477; x_wconf 88' lang='lat' dir='ltr'><em>prooem.</em></span> <span class='ocrx_word' id='word_1_283' title='bbox 687 2437 727 2477; x_wconf 93' lang='lat' dir='ltr'><em>p.</em></span> <span class='ocrx_word' id='word_1_284' title='bbox 757 2423 796 2473; x_wconf 87' lang='lat'>5,</span> <span class='ocrx_word' id='word_1_285' title='bbox 826 2424 865 2465; x_wconf 90' lang='grc'><em>3.</em></span> <span class='ocrx_word' id='word_1_286' title='bbox 894 2424 958 2465; x_wconf 90' lang='lat' dir='ltr'><em>Ib.</em></span> <span class='ocrx_word' id='word_1_287' title='bbox 988 2437 1027 2478; x_wconf 90' lang='lat' dir='ltr'><em>p.</em></span> <span class='ocrx_word' id='word_1_288' title='bbox 1057 2421 1099 2480; x_wconf 80' lang='lat'>7,</span> <span class='ocrx_word' id='word_1_289' title='bbox 1127 2425 1193 2466; x_wconf 92' lang='lat'><em>21.</em></span> 
     </span>
    </p>

    <p class='ocr_par' dir='ltr' id='par_1_13' title="bbox 85 2488 1762 3013">
     <span class='ocr_line' id='line_1_32' title="bbox 196 2488 1759 2548; baseline -0.001 -16"><span class='ocrx_word' id='word_1_290' title='bbox 196 2488 466 2533; x_wconf 82' lang='lat' dir='ltr'><em>Liberalis</em></span> <span class='ocrx_word' id='word_1_291' title='bbox 493 2503 565 2545; x_wconf 89' lang='lat' dir='ltr'><em>pro</em></span> <span class='ocrx_word' id='word_1_292' title='bbox 593 2490 772 2548; x_wconf 82' lang='lat' dir='ltr'><em>copioso,</em></span> <span class='ocrx_word' id='word_1_293' title='bbox 799 2489 1077 2534; x_wconf 81' lang='lat' dir='ltr'><em>liberaliter</em></span> <span class='ocrx_word' id='word_1_294' title='bbox 1104 2505 1175 2546; x_wconf 89' lang='lat' dir='ltr'><em>pro</em></span> <span class='ocrx_word' id='word_1_295' title='bbox 1189 2490 1345 2547; x_wconf 77' lang='lat' dir='ltr'><em>copiose</em></span> <span class='ocrx_word' id='word_1_296' title='bbox 1360 2490 1505 2532; x_wconf 85' lang='lat' dir='ltr'><em>dicitur</em></span> <span class='ocrx_word' id='word_1_297' title='bbox 1518 2490 1620 2532; x_wconf 87' lang='lat' dir='ltr'><em>satis</em></span> <span class='ocrx_word' id='word_1_298' title='bbox 1639 2502 1759 2543; x_wconf 86' lang='lat' dir='ltr'><em>saepe,</em></span> 
     </span>
     <span class='ocr_line' id='line_1_33' title="bbox 85 2555 1759 2615; baseline 0 -18"><span class='ocrx_word' id='word_1_299' title='bbox 85 2556 197 2599; x_wconf 82' lang='lat' dir='ltr'><em>velut</em></span> <span class='ocrx_word' id='word_1_300' title='bbox 237 2555 416 2600; x_wconf 81' lang='lat' dir='ltr'><em>liberalis</em></span> <span class='ocrx_word' id='word_1_301' title='bbox 451 2557 586 2615; x_wconf 79' lang='lat' dir='ltr'><em>potio,</em></span> <span class='ocrx_word' id='word_1_302' title='bbox 629 2557 741 2600; x_wconf 82' lang='lat' dir='ltr'><em>cibus</em></span> <span class='ocrx_word' id='word_1_303' title='bbox 777 2564 855 2600; x_wconf 87' lang='lat' dir='ltr'><em>cet.</em></span> <span class='ocrx_word' id='word_1_304' title='bbox 915 2558 1052 2600; x_wconf 87' lang='lat' dir='ltr'><em>Etiam</em></span> <span class='ocrx_word' id='word_1_305' title='bbox 1081 2559 1131 2600; x_wconf 88' lang='lat' dir='ltr'><em>de</em></span> <span class='ocrx_word' id='word_1_306' title='bbox 1157 2564 1338 2613; x_wconf 87' lang='lat' dir='ltr'><em>tempore</em></span> <span class='ocrx_word' id='word_1_307' title='bbox 1367 2557 1611 2610; x_wconf 82' lang='lat' dir='ltr'><em>adjectivum</em></span> <span class='ocrx_word' id='word_1_308' title='bbox 1640 2556 1759 2599; x_wconf 85' lang='lat' dir='ltr'><em>adhi-</em></span> 
     </span>
     <span class='ocr_line' id='line_1_34' title="bbox 87 2622 1760 2682; baseline 0.001 -17"><span class='ocrx_word' id='word_1_309' title='bbox 87 2623 203 2666; x_wconf 83' lang='lat' dir='ltr'><em>betur</em></span> <span class='ocrx_word' id='word_1_310' title='bbox 229 2637 301 2679; x_wconf 91' lang='lat' dir='ltr'><em>pro</em></span> <span class='ocrx_word' id='word_1_311' title='bbox 330 2623 469 2682; x_wconf 75' lang='lat' dir='ltr'><em>lonqo:</em></span> <span class='ocrx_word' id='word_1_312' title='bbox 495 2626 581 2675; x_wconf 90' lang='lat' dir='ltr'>III,</span> <span class='ocrx_word' id='word_1_313' title='bbox 610 2626 637 2667; x_wconf 83' lang='lat'><strong>3</strong></span> <span class='ocrx_word' id='word_1_314' title='bbox 666 2626 732 2668; x_wconf 88' lang='lat' dir='ltr'><em>fin.</em></span> <span class='ocrx_word' id='word_1_315' title='bbox 782 2625 980 2682; x_wconf 81' lang='lat' dir='ltr'><em>Tempora</em></span> <span class='ocrx_word' id='word_1_316' title='bbox 1008 2639 1161 2682; x_wconf 82' lang='lat' dir='ltr'><em>quoque</em></span> <span class='ocrx_word' id='word_1_317' title='bbox 1187 2625 1470 2668; x_wconf 71' lang='lat' dir='ltr'><em>remissionum</em></span> <span class='ocrx_word' id='word_1_318' title='bbox 1505 2624 1625 2667; x_wconf 84' lang='lat' dir='ltr'><em>modo</em></span> <span class='ocrx_word' id='word_1_319' title='bbox 1660 2622 1760 2666; x_wconf 85' lang='lat' dir='ltr'><em>libe-</em></span> 
     </span>
     <span class='ocr_line' id='line_1_35' title="bbox 86 2689 1761 2751; baseline 0 -18"><span class='ocrx_word' id='word_1_320' title='bbox 86 2689 195 2733; x_wconf 74' lang='lat' dir='ltr'><em>ralia</em></span> <span class='ocrx_word' id='word_1_321' title='bbox 221 2691 340 2734; x_wconf 85' lang='lat' dir='ltr'><em>modo</em></span> <span class='ocrx_word' id='word_1_322' title='bbox 367 2691 482 2735; x_wconf 79' lang='lat' dir='ltr'><em>nulla</em></span> <span class='ocrx_word' id='word_1_323' title='bbox 508 2699 614 2735; x_wconf 81' lang='lat' dir='ltr'><em>sunt.</em></span> <span class='ocrx_word' id='word_1_324' title='bbox 657 2694 746 2744; x_wconf 92' lang='grc' dir='ltr'>ΙΙΙ,</span> <span class='ocrx_word' id='word_1_325' title='bbox 775 2693 825 2734; x_wconf 90' lang='grc'><em>21</em></span> <span class='ocrx_word' id='word_1_326' title='bbox 856 2706 894 2748; x_wconf 90' lang='lat' dir='ltr'><em>p.</em></span> <span class='ocrx_word' id='word_1_327' title='bbox 929 2693 1020 2743; x_wconf 88' lang='lat'>109,</span> <span class='ocrx_word' id='word_1_328' title='bbox 1053 2693 1105 2735; x_wconf 89' lang='lat'><em>18</em></span> <span class='ocrx_word' id='word_1_329' title='bbox 1125 2693 1293 2751; x_wconf 80' lang='lat' dir='ltr'><em>juvenes</em></span> <span class='ocrx_word' id='word_1_330' title='bbox 1320 2691 1493 2743; x_wconf 69' lang='lat' dir='ltr'><em>robusti,</em></span> <span class='ocrx_word' id='word_1_331' title='bbox 1522 2692 1595 2749; x_wconf 81' lang='lat' dir='ltr'><em>qui</em></span> <span class='ocrx_word' id='word_1_332' title='bbox 1621 2690 1683 2734; x_wconf 82' lang='lat' dir='ltr'><em>vel</em></span> <span class='ocrx_word' id='word_1_333' title='bbox 1709 2703 1761 2733; x_wconf 64' lang='lat' dir='ltr'><em>ea·</em></span> 
     </span>
     <span class='ocr_line' id='line_1_36' title="bbox 87 2757 1761 2818; baseline -0.001 -18"><span class='ocrx_word' id='word_1_334' title='bbox 87 2763 165 2800; x_wconf 77' lang='lat' dir='ltr'><em>toto</em></span> <span class='ocrx_word' id='word_1_335' title='bbox 206 2765 343 2801; x_wconf 82' lang='lat' dir='ltr'><em>carent</em></span> <span class='ocrx_word' id='word_1_336' title='bbox 374 2759 495 2818; x_wconf 84' lang='lat' dir='ltr'><em>febre</em></span> <span class='ocrx_word' id='word_1_337' title='bbox 528 2759 588 2803; x_wconf 86' lang='lat' dir='ltr'><em>vel</em></span> <span class='ocrx_word' id='word_1_338' title='bbox 628 2767 731 2803; x_wconf 83' lang='lat' dir='ltr'><em>certe</em></span> <span class='ocrx_word' id='word_1_339' title='bbox 771 2759 870 2802; x_wconf 84' lang='lat' dir='ltr'><em>satis</em></span> <span class='ocrx_word' id='word_1_340' title='bbox 912 2759 1094 2804; x_wconf 81' lang='lat' dir='ltr'><em>liberales</em></span> <span class='ocrx_word' id='word_1_341' title='bbox 1136 2761 1449 2803; x_wconf 73' lang='lat' dir='ltr'><em>intermissiones</em></span> <span class='ocrx_word' id='word_1_342' title='bbox 1476 2758 1631 2802; x_wconf 79' lang='lat' dir='ltr'><em>habent.</em></span> <span class='ocrx_word' id='word_1_343' title='bbox 1688 2757 1761 2800; x_wconf 93' lang='lat' dir='ltr'><em>Ci-</em></span> 
     </span>
     <span class='ocr_line' id='line_1_37' title="bbox 89 2826 1759 2882; baseline 0.001 -16"><span class='ocrx_word' id='word_1_344' title='bbox 89 2836 180 2867; x_wconf 86' lang='lat' dir='ltr'><em>cero</em></span> <span class='ocrx_word' id='word_1_345' title='bbox 209 2839 364 2882; x_wconf 90' lang='lat' dir='ltr'><em>quoque</em></span> <span class='ocrx_word' id='word_1_346' title='bbox 393 2827 498 2870; x_wconf 90' lang='lat' dir='ltr'><em>hanc</em></span> <span class='ocrx_word' id='word_1_347' title='bbox 526 2841 662 2870; x_wconf 87' lang='lat' dir='ltr'><em>vocem</em></span> <span class='ocrx_word' id='word_1_348' title='bbox 693 2828 897 2870; x_wconf 86' lang='lat' dir='ltr'><em>translata</em></span> <span class='ocrx_word' id='word_1_349' title='bbox 924 2828 1214 2882; x_wconf 83' lang='lat' dir='ltr'><em>significatione</em></span> <span class='ocrx_word' id='word_1_350' title='bbox 1235 2829 1284 2870; x_wconf 88' lang='lat' dir='ltr'><em>de</em></span> <span class='ocrx_word' id='word_1_351' title='bbox 1303 2829 1422 2869; x_wconf 91' lang='lat' dir='ltr'><em>rebus</em></span> <span class='ocrx_word' id='word_1_352' title='bbox 1440 2833 1608 2881; x_wconf 83' lang='lat' dir='ltr'><em>usurpat</em></span> <span class='ocrx_word' id='word_1_353' title='bbox 1626 2826 1759 2868; x_wconf 84' lang='lat' dir='ltr'><em>Flacc.</em></span> 
     </span>
     <span class='ocr_line' id='line_1_38' title="bbox 89 2889 1762 2950; baseline 0.001 -17"><span class='ocrx_word' id='word_1_354' title='bbox 89 2889 129 2943; x_wconf 85' lang='grc'>6,</span> <span class='ocrx_word' id='word_1_355' title='bbox 160 2893 234 2944; x_wconf 86' lang='grc'><em>14;</em></span> <span class='ocrx_word' id='word_1_356' title='bbox 278 2907 403 2949; x_wconf 86' lang='lat' dir='ltr'><em>neque</em></span> <span class='ocrx_word' id='word_1_357' title='bbox 445 2908 539 2937; x_wconf 87' lang='lat' dir='ltr'><em>vero</em></span> <span class='ocrx_word' id='word_1_358' title='bbox 567 2895 690 2937; x_wconf 88' lang='lat' dir='ltr'><em>ullum</em></span> <span class='ocrx_word' id='word_1_359' title='bbox 720 2896 838 2950; x_wconf 90' lang='lat' dir='ltr'><em>hujus</em></span> <span class='ocrx_word' id='word_1_360' title='bbox 866 2896 1145 2938; x_wconf 82' lang='lat' dir='ltr'><em>translationis</em></span> <span class='ocrx_word' id='word_1_361' title='bbox 1173 2895 1398 2950; x_wconf 85' lang='lat' dir='ltr'><em>exemplum</em></span> <span class='ocrx_word' id='word_1_362' title='bbox 1427 2895 1604 2936; x_wconf 81' lang='lat' dir='ltr'><em>afferunt</em></span> <span class='ocrx_word' id='word_1_363' title='bbox 1630 2893 1762 2935; x_wconf 70' lang='lat' dir='ltr'><em>lexico.</em></span> 
     </span>
     <span class='ocr_line' id='line_1_39' title="bbox 89 2960 683 3013; baseline 0.007 -12"><span class='ocrx_word' id='word_1_364' title='bbox 89 2964 234 3013; x_wconf 74' lang='lat' dir='ltr'><em>prester</em></span> <span class='ocrx_word' id='word_1_365' title='bbox 261 2960 463 3004; x_wconf 84' lang='lat' dir='ltr'><em>Ciceronis</em></span> <span class='ocrx_word' id='word_1_366' title='bbox 491 2969 534 3004; x_wconf 86' lang='lat' dir='ltr'><em>et</em></span> <span class='ocrx_word' id='word_1_367' title='bbox 562 2962 683 3006; x_wconf 86' lang='lat' dir='ltr'><em>Celsi.</em></span> 
     </span>
    </p>

    <p class='ocr_par' dir='ltr' id='par_1_14' title="bbox 92 3023 1764 3154">
     <span class='ocr_line' id='line_1_40' title="bbox 199 3023 1764 3086; baseline -0.001 -17"><span class='ocrx_word' id='word_1_368' title='bbox 199 3025 496 3072; x_wconf 67' lang='lat' dir='ltr'><em>Made-scere</em></span> <span class='ocrx_word' id='word_1_369' title='bbox 525 3028 677 3086; x_wconf 84' lang='lat' dir='ltr'><em>(poetae</em></span> <span class='ocrx_word' id='word_1_370' title='bbox 706 3036 750 3072; x_wconf 88' lang='lat' dir='ltr'><em>et</em></span> <span class='ocrx_word' id='word_1_371' title='bbox 776 3031 1016 3085; x_wconf 81' lang='lat' dir='ltr'><em>posteriores</em></span> <span class='ocrx_word' id='word_1_372' title='bbox 1046 3027 1282 3086; x_wconf 85' lang='lat' dir='ltr'><em>scriptores)</em></span> <span class='ocrx_word' id='word_1_373' title='bbox 1309 3030 1365 3079; x_wconf 91' lang='grc' dir='ltr'>ΙΙ,</span> <span class='ocrx_word' id='word_1_374' title='bbox 1397 3029 1448 3070; x_wconf 91' lang='grc'><em>12</em></span> <span class='ocrx_word' id='word_1_375' title='bbox 1478 3042 1518 3084; x_wconf 92' lang='lat' dir='ltr'><em>p.</em></span> <span class='ocrx_word' id='word_1_376' title='bbox 1547 3023 1617 3078; x_wconf 81' lang='lat'>5⁷,</span> <span class='ocrx_word' id='word_1_377' title='bbox 1636 3027 1691 3069; x_wconf 84' lang='lat'><em>23</em></span> <span class='ocrx_word' id='word_1_378' title='bbox 1718 3032 1764 3068; x_wconf 81' lang='lat' dir='ltr'><em>ut</em></span> 
     </span>
     <span class='ocr_line' id='line_1_41' title="bbox 92 3094 1289 3154; baseline 0.003 -18"><span class='ocrx_word' id='word_1_379' title='bbox 92 3094 315 3150; x_wconf 58' lang='lat' dir='ltr'><em>aperior-es</em></span> <span class='ocrx_word' id='word_1_380' title='bbox 341 3095 426 3152; x_wconf 72' lang='lat' dir='ltr'><em>ejus</em></span> <span class='ocrx_word' id='word_1_381' title='bbox 449 3103 589 3154; x_wconf 82' lang='lat' dir='ltr'><em>partes</em></span> <span class='ocrx_word' id='word_1_382' title='bbox 617 3099 860 3140; x_wconf 82' lang='lat' dir='ltr'><em>madescant.</em></span> <span class='ocrx_word' id='word_1_383' title='bbox 891 3099 976 3149; x_wconf 92' lang='grc' dir='ltr'>ΙΙΙ,</span> <span class='ocrx_word' id='word_1_384' title='bbox 1006 3096 1034 3139; x_wconf 89' lang='lat'>6</span> <span class='ocrx_word' id='word_1_385' title='bbox 1057 3111 1095 3151; x_wconf 93' lang='lat' dir='ltr'><em>p.</em></span> <span class='ocrx_word' id='word_1_386' title='bbox 1125 3096 1195 3147; x_wconf 88' lang='lat'>86,</span> <span class='ocrx_word' id='word_1_387' title='bbox 1222 3099 1289 3139; x_wconf 88' lang='lat'><em>24.</em></span> 
     </span>
    </p>

    <p class='ocr_par' dir='ltr' id='par_1_15' title="bbox 201 3160 1764 3220">
     <span class='ocr_line' id='line_1_42' title="bbox 201 3160 1764 3220; baseline 0 -17"><span class='ocrx_word' id='word_1_388' title='bbox 201 3160 555 3218; x_wconf 75' lang='lat' dir='ltr'><em>Mayisterium</em></span> <span class='ocrx_word' id='word_1_389' title='bbox 582 3166 783 3208; x_wconf 84' lang='lat' dir='ltr'><em>translata</em></span> <span class='ocrx_word' id='word_1_390' title='bbox 809 3165 1099 3220; x_wconf 85' lang='lat' dir='ltr'><em>significatione</em></span> <span class='ocrx_word' id='word_1_391' title='bbox 1128 3178 1199 3220; x_wconf 86' lang='lat' dir='ltr'><em>pro</em></span> <span class='ocrx_word' id='word_1_392' title='bbox 1227 3171 1334 3215; x_wconf 83' lang='lat' dir='ltr'><em>arte,</em></span> <span class='ocrx_word' id='word_1_393' title='bbox 1362 3162 1519 3207; x_wconf 74' lang='lat' dir='ltr'><em>ratione</em></span> <span class='ocrx_word' id='word_1_394' title='bbox 1546 3168 1764 3217; x_wconf 83' lang='lat' dir='ltr'><em>usurpatur</em></span> 
     </span>
    </p>

    <p class='ocr_par' dir='ltr' id='par_1_16' title="bbox 1558 3232 1586 3272">
     <span class='ocr_line' id='line_1_43' title="bbox 1558 3232 1586 3272; baseline 0 0"><span class='ocrx_word' id='word_1_395' title='bbox 1558 3232 1586 3272; x_wconf 87' lang='lat'><strong>3</strong></span> 
     </span>
    </p>
   </div>
  </div>
 </body>
</html>
