2106 3658
410 387 433 423 8
1092 381 1131 418 C.
1162 383 1205 419 A.
1235 380 1378 418 Brolen.

408 499 608 548 dicuntur,
650 498 707 538 sic
750 495 851 548 apud
894 495 1084 547 quosdam
1114 493 1307 547 praecipue
1336 493 1545 546 scriptores
1573 493 1844 540 inveniuntur,
1873 493 1937 547 qui
1968 493 2042 534 buc

409 565 615 616 pertinent.
673 561 805 607 Quare
848 560 984 600 Celsus
1022 560 1125 600 inter
1153 556 1346 612 argenteae
1375 560 1506 600 aetatis
1533 559 1745 612 scriptores
1774 558 1904 613 potius
1932 557 2043 599 vide-

408 637 474 670 tur
515 630 565 670 ad
609 629 797 670 Senecam
842 626 1058 674 rhetorem,
1101 625 1378 673 Columellam,
1420 625 1651 666 Suetonium
1690 638 1809 679 prope
1839 624 2044 673 accedere,

407 708 521 749 quam
551 707 636 735 cum
667 694 816 735 Seneca
845 691 1073 744 philosopho
1103 691 1165 732 vel
1196 704 1283 732 cum
1312 690 1440 731 Plinio
1470 691 1619 732 minore
1638 703 1723 732 esse
1744 690 2044 744 comparandus.

514 762 561 801 Ei
594 766 722 800 autem
752 769 901 809 magnae
932 757 1036 798 laudi
1065 757 1313 798 tribuendum
1344 769 1452 805 esse,
1481 757 1584 810 quod
1613 769 1732 809 genus
1761 755 1958 798 scribendi
1977 769 2044 797 as-

405 827 573 878 sumpsit
590 832 629 865 et
649 823 846 876 elegantia
864 830 1054 875 praestans
1074 830 1113 863 et
1133 823 1183 863 ad
1204 823 1418 863 docendum
1440 823 1797 872 accommodatum,
1827 821 2045 876 apparebit,

407 892 440 931 si
470 905 554 931 cum
585 903 630 930 eo
666 889 1019 941 comparaverimus
1048 901 1134 935 eos,
1173 889 1236 941 qui
1266 902 1343 929 non
1374 889 1494 929 multo
1523 894 1613 942 post
1641 901 1727 929 eum
1757 889 1796 929 in
1826 889 1942 929 rebus
1971 900 2045 928 ua-

406 964 502 997 turae
530 955 791 997 descn‘bendis
821 955 1102 1003 versabantur,
1131 954 1391 1007 Pomponium
1419 955 1565 995 Melam
1593 961 1633 995 et
1654 954 1823 995 Plinium
1846 953 2043 1006 majorem.

405 1023 535 1068 Quum
566 1023 668 1062 enim
697 1021 799 1061 illius
830 1021 1044 1061 orationem
1075 1020 1190 1060 nimis
1219 1021 1419 1061 florentem
1449 1026 1490 1061 et
1516 1020 1765 1062 artificiosam
1801 1019 2045 1068 invenimus,

405 1087 545 1141 quibus
588 1088 704 1128 rebus
746 1087 810 1134 fit,
854 1092 898 1127 ut
925 1086 1104 1127 dilucidae
1131 1093 1171 1127 et
1200 1092 1394 1127 accuratae
1422 1098 1548 1127 rerum
1578 1085 1813 1139 expositioni
1842 1092 2045 1135 noceatur,

405 1160 487 1193 tum
517 1153 620 1206 apud
649 1152 819 1193 Plinium
851 1153 1130 1193 obscuritatem
1159 1153 1374 1205 praesertim
1405 1159 1446 1193 et
1475 1152 1686 1194 duritatem
1714 1151 2044 1205 reprehendimus.

404 1219 556 1260 Contra
586 1219 688 1272 apud
717 1218 872 1260 Celsum
904 1218 1035 1259 omnia
1061 1231 1161 1271 pura
1188 1224 1228 1259 et
1255 1219 1424 1259 candida
1452 1224 1546 1260 sunt
1572 1225 1613 1259 et
1641 1219 1692 1259 ad
1721 1231 1784 1259 res
1821 1217 1933 1272 quasi
1970 1217 2045 1258 sub

404 1285 599 1325 oculorum
630 1290 792 1337 aspectu
822 1285 1022 1336 ponendas
1051 1284 1265 1337 aptissima.

512 1349 628 1396 Quod
671 1357 800 1391 autem
844 1349 1001 1390 Celsum
1046 1350 1127 1390 dixi
1164 1351 1203 1390 in
1238 1351 1352 1391 rebus
1381 1349 1622 1403 exponendis
1651 1350 1846 1391 brevitate
1875 1348 2044 1402 quadam

404 1417 481 1464 uti,
509 1417 594 1457 haec
622 1422 754 1457 tamen
785 1416 958 1456 brevitas
988 1429 1177 1469 nusquam
1209 1418 1288 1456 fere
1318 1430 1363 1456 ea
1392 1422 1470 1465 est,
1500 1429 1586 1469 quae
1606 1416 1876 1470 perspicuitati
1897 1414 2045 1455 oratio-

405 1483 466 1522 nis
495 1483 658 1522 officiat.
714 1482 844 1522 Multa
873 1482 1009 1530 etiam,
1039 1495 1125 1535 quae
1145 1482 1220 1523 huc
1240 1482 1456 1535 pertinent,
1485 1484 1534 1523 ad
1555 1483 1876 1523 consuetudinem
1897 1492 2044 1528 eorum,

403 1548 467 1600 qui
498 1555 604 1588 artes
633 1549 816 1596 tradunt,
846 1553 1011 1600 possunt
1038 1548 1225 1588 revocari.
1284 1548 1424 1590 Solent
1452 1549 1553 1589 enim
1583 1554 1780 1602 proecepta
1807 1561 1923 1602 quam
1954 1547 2044 1587 bre-

404 1614 560 1654 vissime
590 1614 911 1667 comprehendere
939 1627 1059 1667 eaque
1091 1616 1166 1654 fere
1195 1614 1394 1663 omittere,
1424 1627 1509 1667 quae
1530 1615 1781 1655 etiamsinon
1803 1614 1934 1667 posita
1952 1612 2046 1660 sint,

404 1679 518 1720 facile
549 1686 681 1720 tamen
712 1679 876 1731 intelligi
905 1680 1081 1720 credant.
1138 1679 1245 1721 Celsi
1274 1686 1405 1722 autem
1435 1681 1612 1721 brevitas
1641 1693 1715 1734 quo
1745 1681 1898 1722 facilius
1917 1690 2046 1732 appa-

403 1752 490 1786 reat
517 1745 643 1799 qualis
672 1746 743 1795 sit,
773 1745 952 1798 exempla
981 1746 1169 1786 nonnulla
1199 1747 1379 1786 afferam:

511 1810 737 1865 Subjectum
766 1812 975 1852 sententiae
1006 1812 1200 1852 nonnullis
1229 1813 1324 1852 locis
1353 1812 1538 1853 omissum
1569 1819 1648 1862 est,
1690 1813 1757 1853 ubi
1787 1825 1837 1852 ex
1864 1811 2045 1852 universo

402 1877 685 1918 sententiarum
729 1890 905 1918 connexu
947 1877 1182 1918 audiendum
1227 1884 1290 1918 est
1331 1884 1399 1918 aut
1441 1878 1557 1932 paulo
1595 1879 1745 1932 longius
1777 1877 2044 1931 repetendum.

403 1943 518 1988 Quod
548 1943 710 1995 saepisse
739 1943 802 1991 fit,
832 1943 898 1984 ubi
928 1944 976 1983 de
1004 1956 1105 1996 aegro
1134 1943 1288 1984 homine
1318 1957 1446 1985 sermo
1474 1951 1551 1993 est,
1580 1945 1688 1986 velut
1714 1945 1796 1994 ΙΙΙ,
1828 1942 1880 1984 18
1906 1956 1946 1996 p.
1969 1943 2041 1984 101

403 2015 504 2050 extr.
547 2009 632 2057 111,
661 2009 714 2049 24
742 2022 779 2061 p.
812 2007 902 2049 116.
940 2009 1015 2057 IV,
1043 2011 1070 2049 2
1099 2022 1135 2062 p.
1170 2010 1247 2049 124
1275 2015 1376 2050 extr.
1412 2010 1488 2059 IV,
1517 2011 1570 2050 22
1597 2024 1636 2064 p.
1669 2010 1758 2059 148,
1790 2010 1852 2051 10.
1889 2009 1965 2057 IV,
1991 2009 2046 2050 23

403 2088 440 2128 p.
475 2074 564 2122 149,
594 2075 657 2116 10.
701 2075 775 2123 IV,
802 2075 856 2114 24
884 2087 921 2127 p.
954 2075 1031 2115 150
1059 2075 1110 2116 in‘.
1167 2075 1243 2124 IV,
1272 2075 1326 2116 28
1355 2081 1454 2117 extr.
1498 2077 1572 2125 VI,
1603 2074 1654 2118 17
1681 2076 1736 2118 in.
1779 2076 1896 2125 VIII,
1924 2075 1979 2115 20
2006 2087 2045 2128 p.

403 2140 505 2189 359,
533 2141 599 2181 23.
656 2140 725 2181 Cfr
753 2141 805 2190 V,
838 2140 908 2189 18,
936 2141 989 2180 23
1026 2139 1189 2196 (aliquis
1224 2142 1287 2182 vel
1323 2141 1527 2197 medicus).
1590 2142 1705 2196 Saepe
1738 2142 1858 2184 etiam
1894 2142 1960 2189 fit,
2001 2147 2046 2182 ut

403 2206 609 2247 brevitatis
653 2219 774 2247 causa
815 2220 884 2260 pro
927 2207 1176 2247 substantivo
1218 2214 1392 2260 ponatur
1434 2220 1646 2260 pronomen
1676 2206 2046 2256 demonstrativum,

403 2285 520 2326 quum
564 2272 715 2325 longius
758 2273 864 2314 absit
904 2273 966 2322 id,
1004 2274 1052 2313 ad
1084 2274 1186 2326 quod
1214 2275 1415 2315 referatur.
1472 2275 1630 2315 Dicitur
1658 2276 1735 2316 fere
1764 2275 1812 2315 de
1840 2285 1943 2326 aegro
1971 2272 2046 2313 ho-

404 2339 526 2387 mine,
555 2338 663 2379 velut
691 2340 752 2387 11,
781 2339 808 2380 6
835 2352 874 2392 p.
905 2338 978 2388 36,
1007 2339 1059 2379 23
1087 2339 1134 2380 is.
1192 2339 1264 2381 cfr
1291 2341 1351 2388 II,
1383 2338 1433 2381 17
1461 2353 1500 2394 p.
1529 2340 1595 2389 63,
1614 2341 1680 2382 24.
1709 2341 1794 2389 ΙΙΙ,
1813 2336 1854 2388 7,
1876 2340 1896 2380 1
1918 2351 1956 2392 p.
1976 2337 2044 2386 89,

402 2404 442 2444 8.
497 2405 579 2452 111,
610 2405 662 2445 18
689 2418 727 2458 p.
760 2405 850 2452 102,
881 2403 942 2446 16.
1001 2406 1103 2453 VII,
1130 2406 1184 2446 20
1214 2419 1250 2458 p.
1280 2406 1372 2455 301,
1405 2407 1467 2447 11.
1514 2407 1612 2456 VII,
1641 2405 1707 2456 26,
1734 2406 1759 2447 5
1789 2419 1827 2459 p.
1856 2405 1950 2454 312,
1978 2404 2044 2445 32.

403 2470 496 2511 ibid.
526 2483 562 2523 p.
593 2471 686 2519 313,
715 2472 780 2512 35.
826 2471 923 2519 VII,
953 2472 1019 2520 30,
1047 2471 1073 2511 3
1101 2478 1200 2512 extr.
1242 2471 1364 2520 VIII,
1393 2472 1419 2512 4
1446 2485 1485 2525 p.
1515 2471 1596 2513 336
1623 2478 1723 2513 extr.
1752 2495 1807 2502 -
1835 2471 1931 2520 VII,
1959 2467 1998 2518 7,
2018 2468 2044 2510 6

402 2549 442 2588 p.
472 2532 551 2576 275
578 2541 676 2577 extr.
706 2536 796 2591 ipsi.
853 2537 958 2586 VII,
986 2534 1026 2586 7,
1058 2536 1107 2577 15
1135 2551 1173 2590 p.
1202 2536 1283 2578 282
1310 2544 1409 2578 extr.
1439 2538 1540 2592 ipso.
1585 2538 1684 2587 VII,
1712 2537 1778 2586 26,
1806 2536 1832 2577 5
1860 2537 1914 2577 iu.
1943 2549 2043 2577 eum.

403 2602 505 2651 VII,
532 2602 599 2650 30,
630 2603 651 2642 1
681 2616 720 2655 p.
751 2602 847 2650 319,
878 2601 940 2644 17.
984 2603 1089 2652 V11,
1126 2603 1179 2644 29
1216 2609 1316 2644 extr.
1351 2602 1434 2644 illa.
1490 2604 1614 2652 VIII,
1652 2604 1722 2652 10,
1758 2605 1785 2644 2
1817 2615 1857 2656 p.
1886 2599 1982 2651 347,
2016 2601 2045 2642 8

403 2668 542 2723 ipsius.
585 2668 710 2717 VIII,
739 2670 793 2710 22
821 2668 894 2709 his.
953 2668 1023 2709 Cfr
1055 2669 1138 2718 111,
1166 2670 1192 2709 2
1220 2682 1258 2721 p.
1287 2665 1340 2709 76
1368 2669 1424 2709 in.
1453 2668 1554 2723 ejus„
1581 2666 1852 2724 is(morbus).
1894 2668 1971 2716 111,
1994 2667 2044 2707 12

403 2746 440 2786 p.
469 2734 535 2782 94,
563 2733 590 2775 9
616 2734 652 2774 is
681 2733 871 2790 (horror).
928 2735 1004 2783 IV,
1033 2735 1082 2775 31
1114 2748 1150 2788 p.
1183 2731 1262 2776 157
1289 2734 1344 2776 in.
1372 2734 1478 2790 ejus,
1507 2733 1552 2775 id
1581 2733 1783 2791 (malum).
1839 2734 1894 2783 V,
1922 2733 1989 2783 28,
2017 2734 2043 2773 2

405 2805 504 2840 extr.
533 2800 579 2839 id
605 2799 767 2855 (ulcus).
823 2801 924 2850 VII,
956 2801 1006 2840 10
1033 2806 1131 2841 extr.

514 2866 589 2906 Est
617 2866 723 2919 apud
751 2866 850 2907 alios
879 2879 1032 2920 quoque
1061 2866 1271 2919 scriptores
1299 2866 1446 2919 ellipsis
1474 2866 1718 2908 substantivi
1747 2866 1787 2906 in
1816 2865 1962 2906 talibus
1983 2865 2042 2904 lo-

406 2930 644 2980 cutionibus,
673 2932 805 2984 quales
825 2938 936 2974 sunt:
965 2931 1153 2982 tertiana,
1171 2938 1370 2987 quartana
1388 2931 1562 2988 (febris),
1582 2931 1740 2980 bubula,
1758 2929 1875 2973 suilla
1894 2929 2042 2987 (caro),

398 2995 560 3051 sriyida
589 2996 732 3053 (aqua)
749 2998 803 3053 ¹),
825 3013 993 3054 passum
1022 2994 1217 3057 (vinum),
1245 2998 1422 3040 secundae
1450 2996 1745 3054 (membranae).

470 3136 495 3183 ¹)
525 3138 611 3175 Haec
645 3139 782 3185 ellipsis
818 3141 916 3186 apud
950 3141 1093 3179 Celsum
1127 3144 1182 3179 eet
1218 3152 1290 3179 uno
1324 3141 1404 3178 loco
1434 3142 1498 3186 IV,
1532 3143 1580 3179 12
1612 3154 1648 3189 p.
1684 3142 1776 3185 137,
1807 3141 1846 3178 4.
1904 3140 2042 3178 eontra
