2106 3658
509 335 563 374 De
591 337 801 375 elocutione
830 335 875 373 A.
906 333 1067 372 Cornelii
1095 332 1204 371 Celsi.
1649 330 1699 368 21

55 469 59 477 ¹
142 453 433 511 Proponere
473 453 579 494 idem
618 454 702 496 fere
731 467 764 495 s.
794 467 832 508 q.
863 453 1015 502 dicere,
1059 456 1250 500 statuere,
1289 454 1447 507 putare.
1477 448 1500 490 I
1527 460 1703 502 prooem.

0 539 19 561 x
59 524 123 572 Δ-3,
137 519 164 564 7
191 520 277 570 alii,
306 520 389 563 nisi
415 533 630 576 corporum
657 534 872 577 rerumque
905 520 1061 562 ratione
1089 524 1303 574 comperta,
1331 531 1411 559 non
1440 516 1539 557 satis
1559 521 1706 571 poten-

133 603 250 630 usum
278 602 361 631 esse
383 595 630 645 proponunt.
673 589 735 630 Ib.
765 602 805 643 p.
835 589 874 638 3,
906 589 957 629 10
985 587 1122 643 Iyitur
1149 586 1183 628 ii
1209 585 1281 643 qui
1307 582 1545 626 rationalem
1575 582 1706 624 medi-

183 655 437 714 profitentur,
479 655 560 697 hoec
596 655 821 698 necessaria
850 670 932 698 esse
953 660 1201 712 proponunt.
1246 654 1308 695 Ib.
1338 666 1377 706 p.
1406 651 1448 701 4,
1477 651 1532 692 20
1560 649 1706 692 Ascle-

66 725 76 737 ‘
127 724 164 766 is
192 722 346 772 amuli,
388 723 461 779 qui
487 725 624 766 omnia
653 726 730 765 ista
757 738 864 765 vana
892 729 928 765 et
956 735 1206 778 supervacua
1233 734 1316 763 esse
1338 724 1586 776 proponunt.
1643 719 1705 760 Ib.

24 805 69 848 p.
97 792 138 842 5,
169 791 221 833 15
250 789 395 846 Neque
423 805 505 832 esse
533 790 712 840 crudele,
753 791 856 833 sicut
878 790 1066 847 plerique
1087 794 1345 846 proponunt,
1389 787 1596 829 hominum
1631 799 1706 826 no-

27 859 198 902 centium
224 882 279 889 —-
307 857 521 915 suppliciis
547 858 726 901 remedia
754 882 807 889 —-—
837 858 977 915 quaeri.
1007 858 1074 907 II,
1112 857 1140 900 6
1167 870 1206 911 p.
1237 857 1304 905 38,
1337 856 1401 897 10.
1445 853 1707 896 Democritus

28 940 78 969 ns
94 926 227 984 flnitoe
254 925 418 982 quidem
445 926 534 968 vitoe
561 926 660 968 satis
686 932 814 968 certas
842 932 957 968 notas
985 939 1068 968 esse
1090 924 1319 982 proposuit.
1352 923 1430 972 IV,
1465 923 1509 963 ll
1543 935 1583 976 p.
1614 921 1708 970 135,

27 994 83 1037 in.
112 1016 167 1024 —-
195 993 319 1048 Apud
347 993 498 1035 nullum
528 999 673 1048 praeter
701 994 862 1037 Celsum
892 993 1128 1048 scriptorem
1158 993 1265 1033 hanc
1293 990 1624 1045 significationem
1644 989 1705 1030 le-

32 1061 126 1104 xica
153 1066 474 1102 commemorant.

139 1127 471 1185 Propositum
498 1128 614 1170 vitoe
641 1142 712 1183 pro
739 1142 882 1183 yenere
909 1128 1001 1170 vitoe
1029 1128 1084 1178 V,
1115 1126 1182 1177 26,
1208 1126 1234 1168 6
1264 1124 1375 1178 Quin
1404 1125 1525 1167 etiam
1552 1124 1709 1182 confert

29 1194 186 1252 aliquid
213 1201 250 1238 et
277 1202 372 1238 oetas
399 1202 436 1238 et
463 1210 610 1253 corpus
637 1203 674 1239 et
701 1197 791 1239 vitae
813 1196 1084 1254 propositum.
1155 1196 1222 1236 Ita
1251 1199 1454 1248 argenteae
1484 1199 1549 1235 aet.
1579 1193 1708 1247 scrip-

8 1269 136 1306 tores
164 1263 288 1305 locuti
314 1269 423 1306 sunt.

138 1329 271 1372 Puta
299 1337 340 1373 et
367 1337 420 1372 ut
440 1338 565 1389 puta
594 1346 645 1374 ex
673 1345 781 1373 more
810 1332 1073 1386 posteriorum
1100 1331 1340 1385 scriptorum
1370 1330 1513 1371 Celsus
1534 1329 1707 1371 nonnul-

28 1397 78 1439 lis
106 1398 202 1439 locis
232 1399 368 1441 habet.
425 1399 560 1441 Puta.-
587 1401 650 1450 ΙΙ,
678 1399 733 1441 28
761 1413 888 1456 neque
915 1399 1044 1442 solum
1073 1405 1218 1440 aurata
1240 1403 1346 1455 puta
1374 1403 1444 1438 aut
1462 1411 1624 1453 sparus.
1653 1397 1708 1447 V,

0 1476 2 1479 ’
34 1465 97 1515 19,
130 1466 177 1506 ll
209 1466 277 1508 fin.
306 1467 409 1516 VII,
438 1466 467 1508 8
494 1482 533 1521 p.
561 1467 646 1510 284
673 1467 725 1509 in.
762 1466 815 1508 Ut
835 1474 963 1523 puta:
990 1468 1012 1508 I
1041 1479 1212 1521 prooem.
1241 1480 1280 1520 p.
1311 1465 1337 1506 5
1356 1466 1424 1507 fin.
1453 1463 1570 1522 Soepe
1588 1464 1709 1506 etiam

29 1547 173 1574 causas
201 1547 421 1590 apparere,
451 1541 496 1576 ut
518 1541 622 1591 puta
651 1533 929 1591 lippitudinis,
958 1533 1144 1577 vulneris.
1174 1535 1228 1583 V,
1258 1532 1326 1583 26,
1355 1532 1407 1574 21
1439 1533 1506 1574 fin.

139 1598 354 1658 Rapere.
411 1603 501 1644 Hoc
542 1603 663 1644 verbo
707 1602 849 1644 Celsus
892 1603 944 1644 ad
987 1608 1192 1656 poetarum
1237 1602 1317 1642 fere
1362 1607 1404 1642 et
1442 1599 1707 1654 posteriorum

30 1668 269 1722 scriptorum
299 1670 624 1712 consuetudinem
653 1676 834 1724 usurpat.
892 1670 1102 1723 Significat
1131 1669 1236 1710 enim
1266 1681 1344 1710 uno
1374 1669 1460 1709 loco
1488 1668 1515 1710 i.
1534 1681 1570 1708 a.
1581 1667 1709 1725 festi-

30 1741 175 1778 nanter
201 1750 378 1779 sumere:
405 1738 491 1788 III,
519 1735 559 1787 7,
591 1738 609 1778 l
642 1736 757 1779 Nam
788 1751 868 1794 quo
897 1736 1063 1779 celerius
1092 1735 1291 1794 ejusmodi
1318 1742 1564 1791 tempestates
1579 1735 1709 1777 corri-

23 1804 167 1859 piunt,
204 1817 248 1846 eo
276 1805 477 1846 maturius
505 1805 663 1847 auxilia
691 1830 746 1836 —
774 1805 973 1861 rapienda
1002 1811 1118 1854 sunt3
1161 1804 1303 1846 ceteris
1337 1803 1436 1845 locis
1465 1804 1491 1845 i.
1521 1817 1554 1845 s.
1585 1817 1623 1857 q.
1654 1802 1710 1843 ad

30 1876 195 1912 mortem
220 1872 498 1929 praecipitare:
524 1874 586 1924 ΙΙ,
619 1874 638 1914 1
670 1886 710 1926 p.
740 1873 795 1914 30
823 1874 875 1914 in.
906 1872 1077 1915 laterum
1105 1871 1262 1914 dolores
1290 1878 1326 1913 et
1353 1871 1517 1912 insania
1535 1870 1710 1928 febrici-
1793 1904 1811 1924 x

30 1938 198 1980 tantiam
227 1953 351 1995 quam
379 1939 582 1983 celerrime
610 1940 788 1997 rapiunt.
818 1941 881 1990 II,
910 1940 937 1982 6
966 1955 1006 1995 p.
1036 1937 1104 1990 37,
1134 1941 1199 1981 34.
1229 1941 1290 1990 ΙΙ,
1319 1939 1348 1982 8
1376 1953 1414 1994 Ρ.
1445 1939 1513 1989 49,
1533 1939 1600 1980 25.
1631 1939 1711 1988 III,

31 2001 99 2055 27,
123 2006 148 2046 ‘l
181 2005 236 2048 in.
266 2006 338 2049 Cfr
364 2007 576 2064 corripere.

143 2072 458 2125 Rationalis,
501 2076 604 2130 quod
650 2076 815 2117 verbum
846 2081 941 2117 ante
970 2082 1198 2130 argenteam
1228 2082 1392 2117 aetatem
1423 2075 1527 2128 apud
1559 2074 1708 2115 nullum

32 2140 266 2193 scriptorem
297 2147 455 2192 exstat,
484 2143 623 2185 Celsus
653 2143 776 2185 habet
804 2145 825 2185 I
853 2157 1027 2197 prooem.
1057 2158 1096 2198 p.
1126 2145 1166 2193 2,
1195 2143 1251 2185 28
1280 2142 1548 2199 (disciplina).
1579 2143 1639 2183 Ib.
1670 2156 1708 2195 p.

32 2209 74 2257 2,
102 2207 158 2249 34
186 2209 305 2261 (ars).
334 2210 395 2251 Ib.
424 2224 464 2264 p.
494 2211 534 2260 3,
568 2212 620 2252 10
648 2203 991 2264 (medicina).'1b.
1022 2225 1060 2265 p.
1090 2211 1131 2260 9,
1162 2212 1225 2253 11.
1257 2212 1316 2252 Ib.
1333 2225 1371 2264 p.
1389 2209 1707 2263 lO‚9(medici).

33 2274 94 2316 Ib.
124 2287 162 2328 p.
194 2275 259 2325 10,
287 2276 343 2318 34
371 2282 414 2318 et
441 2277 495 2319 35
523 2278 584 2319 Ib.
614 2292 652 2332 p.
686 2278 750 2327 11,
778 2278 804 2319 5
835 2284 876 2319 et
904 2277 942 2320 6.
1000 2279 1062 2320 De
1085 2280 1210 2320 forma
1231 2277 1484 2320 rationabilis
1511 2277 1592 2318 vid.
1623 2291 1710 2331 quae

34 2341 87 2382 ad
115 2343 279 2384 verbnm
309 2343 562 2386 irrationalis
591 2345 796 2388 annotavi.

142 2407 360 2452 Renisus
402 2412 530 2455 subst.
567 2413 674 2466 apud
709 2413 871 2456 Celsum
910 2418 973 2454 est
1002 2426 1079 2454 uno
1109 2412 1195 2454 loco
1224 2413 1279 2462 V,
1309 2412 1377 2462 28,
1410 2413 1461 2454 12
1490 2426 1528 2466 p.
1558 2411 1654 2462 214,
1684 2409 1710 2454 7

25 2483 339 2534 perventumque
365 2493 448 2522 esse
475 2479 532 2521 acl
558 2494 647 2522 eam
674 2480 986 2535 (cartilaqinem)
1029 2494 1079 2522 ex
1106 2481 1243 2521 renisu
1263 2486 1388 2536 patet.
1446 2480 1710 2521 Rarissimam

0 2558 1 2586 l
34 2543 138 2586 hanc
166 2557 302 2587 vocem
334 2553 480 2600 praeter
508 2547 669 2589 Celsum
699 2549 807 2602 apud
836 2547 1107 2601 Augustinum
1135 2547 1303 2589 inveniri
1332 2548 1507 2589 afferunt
1534 2547 1681 2589 lexica.

0 2654 1 2674 ἶ
144 2611 325 2655 Reniti
366 2616 471 2669 apud
493 2615 675 2673 ,Celsum
704 2616 806 2658 satis
835 2616 1020 2670 frequens
1049 2621 1130 2664 est,
1173 2616 1284 2657 velut
1312 2615 1390 2664 IV,
1422 2614 1474 2657 16
1503 2616 1557 2657 in.
1587 2628 1712 2671 eaque

0 2689 3 2774 ἶ
34 2677 143 2721 dura
170 2686 227 2722 est
255 2686 292 2723 et
315 2682 516 2738 prementi
541 2682 742 2725 renititur.
800 2683 912 2725 Part..
941 2684 1118 2725 renitens
1145 2682 1287 2725 Livius
1321 2689 1510 2737 usurpat,
1553 2689 1711 2724 ceteras

0 2788 1 2794 ,
35 2745 152 2801 hujus
181 2748 293 2789 verbi
322 2749 473 2791 formas
503 2757 703 2804 argenteae
732 2751 864 2793 aetatis
894 2751 1117 2805 scriptores.

144 2813 329 2866 Sedile,
358 2817 464 2872 quod
493 2818 658 2860 verbum
687 2819 887 2860 Krebsius
917 2818 1013 2860 dicit
1041 2832 1067 2859 a
1095 2818 1225 2872 poetis
1255 2818 1428 2859 maxime
1454 2822 1496 2859 et
1514 2817 1710 2872 posterio-

37 2881 92 2923 ris
119 2882 252 2924 aetatis
279 2884 556 2938 scriptioribus
584 2886 769 2940 usurpari
798 2899 870 2940 pro
898 2884 1016 2935 sella,
1061 2886 1168 2939 apud
1199 2886 1359 2928 Celsum
1386 2886 1619 2939 frequenter
1646 2885 1712 2927 in-

20 2949 206 2991 aeuitur.
229 2988 231 2990 .
263 2950 398 2992 Etiam
427 2953 624 2994 translate
653 2966 724 3007 pro
752 2954 948 3002 sedendo,
979 2953 1087 2995 velut
1115 2954 1158 3002 I,
1187 2954 1213 2994 3
1242 2967 1279 3007 Ρ.
1296 2954 1363 3002 20,
1379 2954 1446 3003 22,
1468 2951 1618 2994 Alvum
1632 2953 1711 2994 ad-

38 3016 196 3072 lit-infit
236 3015 362 3068 labor,
406 3019 529 3062 sedile
557 3026 632 3061 cet.
688 3022 748 3062 Ib.
779 3035 820 3075 p.
854 3017 918 3069 17,
952 3020 1002 3062 19
1030 3021 1156 3078 reficit
1187 3027 1282 3077 post
1318 3021 1395 3063 iter
1426 3021 1611 3077 primum
1647 3035 1711 3063 se-

40 3080 133 3132 dile,
158 3083 302 3127 deinde
329 3086 475 3129 unctio.
535 3087 690 3129 Vocab.
719 3087 824 3131 sellae
852 3088 991 3131 Celsus
1019 3101 1098 3130 non
1128 3102 1224 3130 usus
1253 3094 1328 3130 est.
