2106 3658
614 377 683 428 ,ΒΘ
711 378 919 416 elocutione
947 379 994 415 A.
1023 378 1182 415 Cornelii
1210 377 1317 415 Celsi.
1760 379 1811 415 25

252 490 431 533 Dativus
465 491 648 547 perfeeto
676 492 836 549 passivi
868 494 1082 548 apponitur
1116 507 1190 548 pro
1227 493 1279 535 ab
1311 505 1401 535 cum
1439 492 1641 542 ablativo,
1684 498 1731 534 ut
1758 493 1816 534 si-

139 559 349 613 gnificetur
375 570 501 611 agens
529 572 725 612 persona,
754 560 830 610 IV,
859 562 909 602 21
942 562 1011 602 fin.
1031 561 1125 616 jam
1152 560 1255 603 mihi
1280 560 1431 602 dictum
1458 566 1528 603 est.
1556 559 1656 609 VII,
1676 560 1730 600 33
1760 560 1814 601 in.

140 624 223 668 alio
263 624 348 668 1000
389 624 490 666 mihi
522 625 672 668 dictum
708 633 776 668 est.
831 627 952 676 Quod
980 628 1102 670 etiam
1130 629 1238 682 apud
1266 634 1419 670 veteres
1446 627 1661 683 scriptores
1689 627 1815 669 inter-

140 693 235 735 dum
263 692 373 742 fieri,
401 692 503 734 satis
534 699 672 735 notum
702 700 777 735 est.

251 757 608 802 Aeeusativum
634 761 871 803 insolentius
900 761 1054 804 habent
1083 761 1276 804 nonnulla.
1303 762 1442 804 verba:

251 824 510 876 Antecedere,
539 828 607 868 ubi
636 841 714 869 non
747 828 931 870 absolute
958 830 1133 883 positum
1162 835 1242 879 est,
1270 842 1429 884 semper
1463 842 1553 871 cum
1582 828 1814 871 accusativo

136 894 402 948 conjungitur.
459 894 601 936 Cicero
630 895 720 937 huic
750 896 871 937 verbo
901 896 1083 938 dativum
1111 896 1214 938 solet
1242 909 1456 951 apponere.
1514 894 1723 946 Evadere,
1750 896 1814 938 cui

139 962 260 1003 verbo
301 962 443 1004 Cicero
486 962 568 1003 fere
608 963 930 1017 praepositionem
972 977 1023 1006 ex
1063 969 1256 1018 sequente
1290 964 1469 1006 ablativo
1498 963 1698 1017 adjungit,
1741 969 1815 1005 aut

137 1029 412 1070 accusativum
442 1029 584 1079 habet,
613 1035 684 1070 aut
712 1030 895 1072 absolute
922 1030 1097 1084 ponitur.
1153 1029 1364 1074 Eme-edere
1395 1044 1503 1085 saepe
1529 1030 1745 1072 transitiva
1772 1031 1814 1072 vi

138 1109 228 1138 cum
271 1096 502 1138 accusativo
546 1097 812 1150 conjungitur,
855 1110 943 1151 quae
985 1103 1189 1140 structura.
1231 1097 1338 1139 Livii
1381 1104 1443 1140 est
1480 1103 1521 1139 et
1548 1098 1812 1152 posteriorum

137 1163 391 1218 scriptorum.
449 1162 649 1206 Invadere
676 1164 817 1207 Celsus
844 1164 977 1206 tribus
1007 1165 1103 1207 locis
1131 1165 1276 1215 habet,
1305 1165 1373 1207 ubi
1402 1165 1582 1220 sequitur
1610 1165 1812 1207 accusati-

139 1243 214 1273 vus
243 1243 296 1272 ex
323 1243 432 1272 more
461 1231 645 1273 Sallustii
673 1238 714 1273 et
740 1231 848 1273 Livii
864 1231 919 1288 1).

249 1296 528 1340 Ablativus
556 1297 657 1340 loci
683 1299 916 1340 insolentius
946 1304 1160 1352 usurpatur
1187 1299 1227 1349 I,
1255 1300 1282 1340 2
1309 1299 1364 1341 in.
1394 1297 1594 1341 Habitare
1612 1313 1703 1342 vero
1722 1299 1812 1353 (de-

137 1363 216 1419 bet)
248 1365 421 1424 «edificio
448 1363 595 1407 lucido.
624 1366 708 1415 111,
738 1366 767 1408 4
794 1380 831 1420 p.
861 1363 929 1416 79,
960 1366 1008 1408 11
1046 1365 1159 1422 isque
1186 1364 1333 1409 cubare
1360 1380 1482 1422 quam
1509 1367 1690 1409 maa-imo
1717 1381 1811 1408 oon-

137 1431 242 1474 clavi
268 1432 393 1475 debet.
431 1433 537 1482 VII,
564 1432 619 1475 29
647 1434 702 1475 in.
732 1432 942 1476 mulierem
970 1439 1197 1476 transverso
1225 1432 1318 1476 lecto
1346 1434 1404 1476 sie
1433 1433 1644 1484 collocare,
1671 1440 1715 1475 ut
1742 1458 1809 1477 —-.

137 1499 239 1542 Ibid.
268 1501 336 1542 fin.
364 1499 438 1542 illa
464 1498 642 1542 conclavi
668 1499 898 1544 collocanda
926 1507 1010 1552 est,
1047 1500 1250 1543 modicum
1284 1499 1455 1543 calorem
1489 1501 1576 1544 sine
1609 1500 1691 1544 ullo
1712 1515 1812 1559 per-

125 1564 236 1622 flatu
263 1566 442 1610 habente.

247 1633 460 1677 Ablativue
492 1636 728 1691 temporis
763 1635 999 1677 insolentius
1036 1635 1198 1690 ponitur
1231 1635 1253 1677 Ι
1282 1648 1456 1691 prooem.
1491 1635 1545 1678 in.
1575 1633 1674 1679 bello
1709 1635 1812 1678 Tro-

128 1699 234 1757 jano
260 1701 405 1744 ducem
433 1701 777 1759 Aqamemnonem
804 1703 938 1746 secuti.

247 1767 462 1811 Ablativus
502 1771 704 1812 nonnullis
749 1770 847 1812 locis
894 1770 943 1812 de
990 1775 1167 1824 tempore
1215 1776 1443 1825 usurpatur,
1485 1770 1553 1812 ubi
1601 1776 1811 1825 exspectes

136 1837 410 1878 accusativum
451 1836 505 1879 ad
546 1835 849 1891 significandam
877 1838 1194 1880 diuturnitatem.
1222 1838 1262 1888 I,
1292 1839 1318 1879 3
1347 1851 1386 1892 p.
1418 1833 1470 1879 17
1498 1838 1566 1880 fin.
1609 1836 1693 1890 Qui
1718 1852 1812 1880 vero

136 1909 214 1946 toto
255 1903 323 1946 die
364 1902 426 1946 vel
465 1904 512 1946 in
551 1904 727 1947 vehiculo
768 1903 830 1946 vel
861 1906 906 1947 in
932 1903 1167 1961 spectaculis
1194 1904 1308 1947 sedit.
1337 1906 1402 1954 H,
1429 1904 1458 1948 6
1484 1905 1540 1946 in.
1569 1903 1620 1948 Si
1645 1919 1739 1947 vero
1765 1904 1810 1946 in

135 1970 275 2015 morbo
301 1977 427 2014 vetere
445 1970 539 2027 jam
565 1972 704 2014 triduo
731 1971 824 2014 talis
851 1978 926 2023 est,
953 1972 999 2013 in
1019 1971 1256 2028 propinquo
1284 1986 1395 2015 mors
1422 1978 1491 2014 est.
1526 1973 1588 2022 11,
1615 1972 1643 2014 8
1670 1985 1710 2026 p.
1739 1971 1812 2022 48,

138 2035 192 2081 17
232 2038 305 2095 qui
345 2045 476 2081 cetera
509 2045 634 2095 parte
661 2040 762 2081 anni
788 2045 1012 2082 traxerunt.
1041 2040 1128 2090 ΠΙ,
1156 2039 1185 2081 4
1212 2052 1254 2093 p.
1284 2036 1351 2090 79,
1379 2039 1434 2081 25
1462 2037 1534 2080 ubi
1558 2053 1709 2095 aeqrum
1736 2038 1811 2081 tri-

135 2105 216 2148 duo
236 2118 318 2162 per
344 2105 482 2148 omnia
500 2106 766 2164 fatiyaverat.
807 2107 886 2156 IV,
915 2106 941 2149 5
971 2121 1011 2161 p.
1043 2106 1136 2157 126,
1165 2107 1219 2148 25
1248 2107 1286 2149 si
1312 2106 1434 2148 biduo
1461 2105 1521 2148 vel
1548 2113 1650 2149 certe
1675 2106 1811 2148 triduo

135 2172 251 2217 nobie
291 2174 612 2230 temperavimus.
655 2175 718 2216 Ib.
747 2188 787 2228 p.
819 2174 913 2225 126,
942 2175 996 2216 33
1034 2174 1177 2217 deinde
1212 2188 1358 2216 rursus
1391 2173 1511 2215 biduo
1539 2187 1649 2230 aqua
1677 2172 1811 2223 (assu—

135 2239 283 2283 menda
309 2245 398 2295 est).
426 2241 504 2291 IV,
532 2237 560 2283 '7
586 2242 654 2283 fin.
682 2241 836 2299 anqina
862 2248 939 2284 toto
968 2256 1075 2284 anno
1102 2255 1184 2283 non
1204 2240 1443 2297 periclitari.
1474 2240 1551 2289 IV,
1571 2239 1625 2283 26
1644 2240 1699 2282 in.
1727 2253 1810 2283 uno

135 2308 202 2352 die
217 2304 353 2363 fluere
379 2306 516 2350 alvum
543 2322 648 2364 saepe
668 2322 750 2365 pro
777 2308 1004 2352 valetudine
1030 2315 1107 2359 est,
1134 2314 1252 2364 atque
1280 2308 1400 2351 etiam
1422 2306 1613 2365 pluribus
1639 2331 1707 2349 —.
1746 2307 1809 2349 Ib.

135 2388 177 2430 p.
209 2375 302 2425 151,
330 2375 386 2416 32
413 2375 459 2418 id
481 2374 671 2432 pluribus
697 2376 840 2419 diebus
867 2376 1096 2434 neyleetum.
1127 2376 1205 2425 IV,
1222 2376 1272 2417 31
1298 2376 1353 2417 in.
1384 2372 1564 2426 Quidam
1590 2389 1714 2431 quum
1732 2380 1809 2416 toto

135 2456 243 2484 anno
269 2457 297 2484 a
323 2442 436 2493 vino,
463 2441 614 2492 mulso,
650 2457 790 2487 venere
816 2443 896 2486 sibi
922 2449 1214 2500 temperassent.
1257 2443 1335 2492 IV,
1363 2443 1418 2484 32
1444 2441 1514 2483 ubi
1541 2441 1676 2483 triduo
1704 2455 1809 2498 qua-

135 2509 318 2553 triduove
344 2509 484 2552 vinum
519 2509 640 2561 bibit,
681 2524 764 2553 uno
791 2517 863 2553 aut
890 2513 1011 2554 etiam
1038 2510 1162 2553 altero
1191 2510 1257 2552 die
1283 2511 1534 2565 interponere
1561 2522 1721 2565 aquam.
1749 2509 1806 2559 V,

135 2575 204 2627 26,
230 2573 287 2620 27
313 2577 369 2619 in.
412 2576 555 2620 Biduo
595 2577 655 2620 sie
696 2577 860 2622 vulnere
901 2578 1046 2621 habito.
1088 2578 1198 2628 VII,
1226 2574 1266 2627 ’7,
1297 2577 1349 2619 14
1377 2590 1416 2631 p.
1445 2575 1551 2624 280,
1579 2576 1633 2616 23
1675 2574 1807 2618 bibere

135 2657 285 2700 aquam
311 2644 448 2686 triduo
475 2643 599 2688 debet.
628 2645 754 2696 Vm,
787 2647 833 2687 ll
866 2659 906 2700 p.
935 2645 1030 2696 353,
1060 2645 1112 2687 18
1139 2659 1167 2687 a
1193 2643 1299 2694 cib0‚
1326 2643 1364 2685 si
1390 2642 1619 2685 valentioris
1646 2640 1807 2684 articuli

134 2725 252 2753 vasus
278 2717 356 2762 est,
383 2711 542 2762 mano,
570 2712 773 2755 interdum
799 2713 921 2757 etiam
948 2714 1124 2770 quinque
1151 2711 1290 2754 diebus
1317 2710 1524 2753 abstinere.

245 2776 428 2822 Ablativi
472 2778 717 2830 absoluti,
760 2781 830 2836 qui
869 2787 1077 2830 vocantur,
1119 2779 1357 2821 insolentius
1398 2778 1583 2819 videntur
1623 2775 1806 2830 usurpari

87 2877 96 2885 .
135 2845 192 2895 V,
219 2845 288 2897 26,
315 2847 370 2887 30
397 2845 603 2903 Paryato,
630 2847 811 2904 sequitur
838 2855 881 2890 ut
899 2846 1113 2904 impleatur
1131 2845 1331 2899 (vulnus),
1359 2844 1429 2886 ubi
1447 2843 1699 2898 participium
1717 2843 1806 2884 sine

135 2904 316 2967 subiecto
358 2913 535 2968 positum
563 2919 638 2956 est.
680 2915 762 2965 111,
794 2915 846 2958 18
874 2930 912 2970 p.
946 2915 1046 2965 100,
1075 2915 1130 2956 34
1166 2912 1223 2954 Id
1257 2911 1459 2955 interdum
1484 2910 1551 2967 fit,
1580 2916 1616 2952 et
1643 2909 1807 2967 quidem

135 2979 259 3031 adea,
285 2986 343 3032 ut,
370 2979 440 3022 illo
467 2980 682 3040 confitente,
709 2981 839 3025 nimia
857 2982 1005 3041 frictio
1033 2982 1154 3024 etiam
1181 2979 1352 3035 letharyi
1372 2976 1598 3035 periculum
1625 2976 1806 3035 asserat,-

37 3068 43 3113 Ξ
94 3095 101 3103 ..
136 3059 214 3101 quo
242 3047 330 3090 loco
359 3048 529 3090 ablativi
547 3048 607 3090 illi
626 3061 705 3090 non
725 3050 896 3093 arctiore
916 3050 1086 3104 quodam
1106 3048 1263 3090 vinculo
1282 3047 1537 3089 continentur
1556 3057 1645 3087 cum
1666 3043 1807 3086 ceteris

202 3189 230 3239 ¹)
259 3191 322 3230 Ost
349 3193 528 3241 Schultz„
559 3207 717 3244 gramm.
749 3194 846 3239 252,
879 3195 918 3239 2,
949 3196 989 3233 4.
1604 3249 1632 3289 4
